@article{
  globalizerSystem,
  author    = {Gergel, V.~P. and Barkalov, K.~A. and Sysoyev, A.~V.},
  title     = {A novel supercomputer software system for solving time-consuming global optimization problems},
  journal   = {Numerical Algebra, Control \& Optimization},
  volume    = 8,
  number    = 1,
  year      = 2018,
  pages     = {47-62}
}

@phdthesis{
  Schlueter2012,
  author    = {Schlueter, M.},
  title     = {Nonlinear mixed integer based Optimization Technique for Space Applications},
  school    = {The University of Birmingham},
  year      = 2012
}

@article{
  Gaviano2003,
  author    = {Gaviano, M. and Kvasov, D.~E. and Lera, D. and Sergeyev, Y.~D.},
  title     = {Software for generation of classes of test functions with known local and global minima for global optimization},
  journal   = {ACM Transactions on Mathematical Software},
  volume    = 29,
  number    = 4,
  year      = 2003,
  pages     = {469--480}
}

@article{
  grishaginClass,
  author    = {Grishagin, V.~A.},
  title     = {Operating Characteristics of Some Global Search Algorithms},
  journal   = {Problems of Statistical Optimization},
  volume    = 7,
  year      = {1978 (In Russian)},
  pages     = {198--206},
  publisher = {Zinatne},
  address   = {Riga}
}

@article{
  Storn1997,
  author    = "Storn, Rainer and Price, Kenneth",
  title	    = "Differential Evolution -- A Simple and Efficient Heuristic for global Optimization over Continuous Spaces",
  journal   = "Journal of Global Optimization",
  year      = "1997",
  month     = "Dec",
  volume    = "11",
  number    = "4",
  pages     = "341--359",
  issn      = "1573-2916",
}

@article{ 
  SCHLUTER2009,
  title     = "Extended ant colony optimization for non-convex mixed integer nonlinear programming",
  journal   = "Computers \& Operations Research",
  volume    = "36",
  number    = "7",
  pages     = "2217 - 2229",
  year      = "2009",
  issn      = "0305-0548",
  author    = "Martin Schluter and Jose A. Egea and Julio R. Banga",
}

@book{
  Strongin2000,
  author    = {Strongin, R.~G. and Sergeyev, Ya.~D.},
  title     = {Global optimization with non-convex constraints. Sequential and parallel algorithms},
  publisher = {Kluwer Academic Publishers},
  address   = {Dordrecht},
  year      = 2000
}

@book{
  Pinter1996,
  author    = {Pinter, J.~D.},
  title     = {Global optimization in action (Continuous and Lipschitz Optimization: Algorithms, Implementations and Applications)},
  publisher = {Kluwer Academic Publishers},
  address   = {Dordrecht},
  year      = 1996
}

@book{
  Pinter2006,
  author    = {Pinter, J.~D.},
  title     = {Global Optimization: Scientific and Engineering Case Studies},
  publisher = {Springer},
  address   = {New York},
  year      = 2006
}


@book{
  Horst1996,
  author    = {Horst, R. and Tuy, H.},
  title     = {Global Optimization -- Deterministic Approaches},
  publisher = {Springer-Verlag},
  address   = {Berlin},
  year      = 1996
}

@article{
  Evtushenko2013,
  author    = {Evtushenko, Yu.~G. and Posypkin, M.~A.},
  title     = {A deterministic approach to global box-constrained optimization},
  journal   = {Optim. Lett.},
  volume    = 7,
  year      = 2013,
  pages     = {819--829}
}

@article{
  Evtushenko2014,
  author    = {Evtushenko, Yu.~G. and Posypkin, M.~A.},
  title     = {A deterministic algorithm for global multi-objective optimization},
	journal = {Optim. Methods Softw.},
	volume = {29},
	number = {5},
	pages = {1005-1019},
	year  = {2014},
}


@article{
  Paulavicius2011,
  author    = {Paulavi{\v c}ius, R. and {\v Z}ilinskas, J. and Grothey, A.},
  title     = {Parallel branch and bound for global optimization with combination of Lipschitz bounds},
  journal   = {Optim. Method. Softw.},
  year      = 2011,
  volume    = 26,
  number    = 3,
  pages     = {487-498},
}

@InProceedings{
  KennedyEberhart1995,
  author    = {J. Kennedy and R. Eberhart},
  booktitle = {Proceedings of ICNN'95 - International Conference on Neural Networks},
  title     = {Particle swarm optimization},
  year      = 1995,
  volume    = 4,
  number    = {},
  pages     = {1942-1948 vol.4},
  month     = {Nov},
}

@article{
  Beiranvand2017,
  author    = "Beiranvand, Vahid and Hare, Warren and Lucet, Yves",
  title     = "Best practices for comparing optimization algorithms",
  journal   = "Optimization and Engineering",
  year      = "2017",
  month     = "Dec",
  volume    = "18",
  number    = "4",
  pages     = "815--848",
}

@article{
  JSSv060i06,
  author    = {Mullen, K.},
  title     = {Continuous Global Optimization in R},
  journal   = {Journal of Statistical Software},
  volume    = 60,
  number    = 6,
  year      = 2014,
  pages     = {1--45},
}

@article{
  Ali2005,
  author    = "Ali, M. Montaz and Khompatraporn, Charoenchai and Zabinsky, Zelda B.",
  title     = "A Numerical Evaluation of Several Stochastic Algorithms on Selected Continuous Global Optimization Test Problems",
  journal   = "Journal of Global Optimization",
  year      = "2005",
  month     = "Apr",
  day       = "01",
  volume    = "31",
  number    = "4",
  pages     = "635--672",
}

@article{
  posik2012,
  author    = {Pošík, Petr and Huyer, Waltraud and Pál, László},
  title     = {A Comparison of Global Search Algorithms for Continuous Black Box Optimization},
  journal   = {Evolutionary Computation},
  volume    = 20,
  number    = 4,
  pages     = {509-541},
  year      = 2012,
}

@article{
  Kvasov2018,
  title     = {Metaheuristic vs. deterministic global optimization algorithms: The univariate case},
  journal   = {Appl. Math. Comput.},
  volume    = {318},
  pages     = {245--259},
  year      = {2018},
  author    = {Kvasov, D. and Mukhametzhanov, M.},
}

@article{
  Liberti2005,
  title     = "Comparison of deterministic and stochastic approaches to global optimization",
  journal   = "International Transactions in Operational Research",
  volume    = "12",
  pages     = "263 - 285",
  year      = "2005",
  author    = "Liberti, Leo and Kucherenko, Sergei",
}

@book{
  Sergeyev2013,
  author    = {Sergeyev, Y.~D. and Strongin, R.~G. and Lera, D.},
  title     = {Introduction to global optimization exploiting space-filling curves},
  publisher = {Springer Briefs in Optimization},
  address   = {Springer, New York},
  year      = 2013
}

@article{
  Gergel2009,
  author    = "{Strongin, R.~G., Gergel, V.~P., Barkalov, K.~A.}",
  title     = {Parallel methods for global optimization problem solving},
  journal   = {Journal of instrument engineering},
  volume    = 52,
  year      = "2009 (In Russian)",
  pages     = {25--33}
}

@book{
  strongin1978,
  author    = {Strongin, R.~G.},
  title     = {Numerical Methods in Multiextremal Problems (Information-StatisticalAlgorithms)},
  publisher = {Moscow: Nauka (In Russian)},
  year      = 1978
}

@article{Price1983,
  author    = "Price, W.~L.",
  title     = "Global optimization by controlled random search",
  journal   = "Journal of Optimization Theory and Applications",
  year      = "1983",
  month     = "Jul",
  day       = "01",
  volume    = "40",
  number    = "3",
  pages     = "333--348",
}

@book{Price2005,
  author    = {Price, Kenneth V. and Storn, Rainer M. and Lampinen, Jouni A.},
  title     = {Differential Evolution: A Practical Approach to Global Optimization},
  publisher = {Natural Computing Series, Springer},
  address   = {New York},
  year      = 2005
}



@article{
  Gablonsky2001,
  author    = {Gablonsky, J.~M. and Kelley, C.~T.},
  title     = {A locally-biased form of the \uppercase{DIRECT} algorithm},
  journal   = {J. Glob. Optim.},
  volume    = 21,
  number    = 1,
  year      = 2001,
  pages     = {27--37}
}

@article{
  Madsen1998,
  author    = "Madsen, Kaj and Zertchaninov, Serguei",
  title     = "A New Branch-and-Bound Method for Global Optimization",
  year      = "1998",
}

@article{
  Kan1987StochasticGO,
  title     = {Stochastic global optimization methods part II: Multi level methods},
  author    = {Alexander H.~G. Rinnooy Kan and G.~T. Timmer},
  journal   = {Math. Program.},
  year      = 1987,
  volume    = 39,
  pages     = {57-78}
}

@article{
  XIANG1997216,
  title     = "Generalized simulated annealing algorithm and its application to the Thomson model",
  journal   = "Physics Letters A",
  volume    = "233",
  number    = "3",
  pages     = "216 - 220",
  year      = "1997",
  author    = "Y Xiang and D.~Y Sun and W Fan and X.~G Gong",
}

@article{
  indexMethod,
  author    = "{Markin, D.~L., Strongin, R.~G.}",
  title     = "A method for solving multi-extremal problems with non-convex constraints, that uses a priori information about estimates of the optimum",
  year      = "1987",
  journal   = "Comp. Math. Math. Phys.",
  volume    = "27(1)",
  pages     = "33--39"
}

@Misc{
  scipy,
  author    = {Eric Jones and Travis Oliphant and Pearu Peterson and others},
  title     = {{SciPy}: Open source scientific tools for {Python}},
  year      = {2001--},
  url       = "http://www.scipy.org/",
  note      = {[Online; accessed <24.12.2018>]}
}

@Misc{
  nlopt,
  author    = {Steven G. Johnson},
  title     = {The NLopt nonlinear-optimization package},
  url       = "http://ab-initio.mit.edu/nlopt",
  note      = {[Online; accessed <24.12.2018>]}
}

@article{
  Sergeyev2010,
  author    = {Lera, D. and Sergeyev, Ya.~D.},
  title     = {An information global minimization algorithm using the local improvement technique},
  journal   = {J. Glob. Optim.},
  volume    = 48,
  number    = 1,
  pages     = {99-112},
  year      = 2010,
}

@article{
  Sergeyev2006,
  author    = {Sergeyev, Y.~D. and Kvasov, D.~E.},
  title     = {Global Search Based on Efficient Diagonal Partitions and a Set of \uppercase{L}ipschitz Constants},
  journal   = {SIAM J. Optim.},
  volume    = 16,
  number    = 3,
  pages     = {910-937},
  year      = 2006,
}

@article{
  Strongin2018,
  author    = {Strongin, R.~G. and Gergel, V.~P. and Barkalov, K.~A. and Sysoyev, A.~V.},
  title     = {Generalized Parallel Computational Schemes for Time-Consuming Global Optimization},
  journal   = {Lobachevskii Journal of Mathematics},
  year      = 2018,
  volume    = 39,
  number    = 4,
  pages     = {576-586}
}

@article{
  Gergel2017_1,
  author    = {Gergel, V.~P. and Kozinov,E.~A.},
  title     = {Accelerating Parallel Multicriterial Optimization Methods Based on Intensive Using of Search Information},
  journal   = {Procedia Computer Science},
  volume    = 108,
  pages     = {1463--1472},
  year      = 2017
}
%doi={10.1016/j.procs.2017.05.051}

@article{
  Gergel2018,
  author    = {Gergel, V.~P. and Kozinov, E.~A.},
  title     = "Efficient multicriterial optimization based on intensive reuse of search information",
  journal   = "J. Glob. Optim.",
  year      = "2018",
  volume    = "71",
  number    = "1",
  pages     = "73-90",
}

@article{
  SOVRASOV2018,
  title     = "Comparison of dimensionality reduction schemes for derivative-free global optimization algorithms",
  journal   = "Procedia Computer Science",
  volume    = "136",
  pages     = "136 - 143",
  year      = "2018",
  note      = "7th International Young Scientists Conference on Computational Science, YSC2018, 02-06 July2018, Heraklion, Greece",
  author    = "Sovrasov V.",
}

@article{
  Barkalov2016,
  title     = "Solving multidimensional global optimization problems using graphics accelerators",
  journal   = "Communications in Computer and Information Science",
  volume    = "687",
  pages     = "224-235",
  year      = "2016",
  author    = {Barkalov, K.~A and Lebedev, I.}
}

@article{
  Grishagin2016,
  author    = {Gergel, V.~P. and Grishagin, V. and Gergel, A.},
  title     = "Adaptive nested optimization scheme for multidimensional global search",
  journal   = "J. Glob. Optim.",
  year      = "2016",
  volume    = "66",
  number    = "1",
  pages     = "35-51",
}

@article{
  Grishagin2018,
  title     = "Convergence conditions and numerical comparison of global optimization methods based on dimensionality reduction schemes",
  journal   = "Appl. Math. Comput.",
  volume    = "318",
  pages     = "270-280",
  year      = "2018",
  author    = {Grishagin, V. and Israfilov, R. and Sergeyev, Ya.~D.}
}

@article{
  Grishagin2016_1,
  title     = {Comparative efficiency of dimensionality reduction schemes in global optimization},
  journal   = {AIP Conf. Proc.},
  volume    = {1776},
  pages     = {060011},
  year      = {2016},
  author    = {Grishagin, V. and Israfilov, R. and Sergeyev, Ya.~D.}
}

@article{Grishagin2016_2,
author = {Grishagin, Vladimir and Israfilov, Ruslan},
year = {2016},
pages = {400010},
title = {Global search acceleration in the nested optimization scheme},
volume = {1738},
journal = {AIP Conf. Proc.}
}
%month = {06},

@InProceedings{
  Barkalov2014,
  author    = {Barkalov, K.~A. and Gergel, V.~P.},
  booktitle = {OPT-i 2014 -- 1st International Conference on Engineering and Applied Sciences Optimization, Proceedings},
  title     = {Multilevel scheme of dimensionality reduction for parallel global search algorithms},
  year      = 2014,
  pages     = {2111-2124}
}

@article{
  Grishagin2015_1,
  title     = "Local tuning in nested scheme of global optimization",
  journal   = "Procedia Computer Science",
  volume    = "51",
  number    = "1",
  pages     = "865-874",
  year      = "2015",
  author    = {Gergel, V. and Grishagin, V. and Israfilov, R.}
}

@article{Grishagin2015_2,
author={Grishagin, V. and Israfilov, R.},
title={Multidimensional constrained global optimization in domains with computable boundaries},
journal={CEUR Workshop Proc.},
year={2015},
volume={1513},
pages={75-84}
}

@article{
  Grishagin2001,
  title     = "Parallel Asynchronous Global Search and the Nested Optimization Scheme",
  journal   = "J. Comput. Anal. Appl.",
  volume    = "3",
  number    = "2",
  pages     = "123-145",
  year      = "2001",
  author    = {Sergeyev, Ya.~D. and Grishagin, V.~A.}
}

@article{
  Sergeyev2018,
  title     = "On the efficiency of nature-inspired metaheuristics in expensive global optimization with limited budget",
  journal   = "Sci. Rep.",
  volume    = "8",
  number    = "1",
  pages     = "435",
  year      = "2018",
  author    = {Sergeyev, Ya.~D. and Kvasov, D.~E. and Mukhametzhanov, M.~S.}
}

@book{
  Yang2013,
  author    = {Yang, X.-S.},
  year      = {2008},
  isbn      = {1905986106, 9781905986101},
  publisher = {Luniver Press},	
  title     = {Nature-inspired metaheuristic algorithms},
  address   = {Frome},
}

@article{
  Zilinskas2010,
  author    = {Paulavi{\v c}ius, R. and {\v Z}ilinskas, J. and Grothey, A.},
  title     = {Investigation of selection strategies in branch and bound algorithm with simplicial partitions and combination of \uppercase{L}ipschitz bounds},
  journal   = {Optim. Lett.},
  volume    = 4,
  number 	= 2,
  year      = 2010,
  pages     = {173--183}
}

@ARTICLE{Zilinskas2011,
author={{\v Z}ilinskas, J. and D{\"u}r, M.},
title={Depth-first simplicial partition for copositivity detection, with an application to \uppercase{M}ax\uppercase{C}lique},
journal={Optimization Methods and Software},
year={2011},
volume={26},
number={3},
pages={499--510},
doi={10.1080/10556788.2010.544310}
}


@article{
  Zilinskas2015,
  author    = {{\v Z}ilinskas, A. and {\v Z}ilinskas, J.},
  title     = {Adaptation of a one-step worst-case optimal univariate algorithm of bi-objective Lipschitz optimization to multidimensional problems},
  journal   = {Commun. Non-linear Sci. Numer. Simulat.},
  volume    = 21,
  number 	  = {1-3},
  year      = 2015,
  pages     = {89--98}
}


@article{
  Paulavicius2016,
  author    = {Paulavi{\v c}ius, R. and {\v Z}ilinskas, J.},
  title     = {Advantages of simplicial partitioning for \uppercase{L}ipschitz optimization problems with linear constraints},
  journal   = {Optim. Lett.},
  year      = 2016,
  volume    = 10,
  number    = 2,
  pages     = {237-246}
}

@article{
  Paulavicius2014,
  author    = {Paulavi{\v c}ius, R. and Sergeyev, Y.~D. and Kvasov, D.~E. and {\v Z}ilinskas, J.},
  title     = {Globally-biased \uppercase{DISIMPL} algorithm for expensive global optimization},
  journal   = {J. Glob. Optim.},
  year      = 2014,
  volume    = 59,
  number    = {2-3},
  pages     = {545-567}
}

@article{
  Sergeyev2015,
  author    = {Sergeyev, Y.~D. and Kvasov, D.~E.},
  title     = {A deterministic global optimization using smooth diagonal auxiliary functions},
  journal   = {Commun. Nonlinear. Sci. Numer. Simulat.},
  year      = 2015,
  volume    = 21,
  number    = {1-3},
  pages     = {99-111}
}

@book{
  Zhigljavsky2008,
  author    = {Zhigljavsky, A.~A. and {\v Z}ilinskas, A.},
  year      = 2008,
  publisher = {Springer},	
  title     = {Stochastic Global Optimization},
  address   = {New York}
}

@book{
  Carr1964,
  author    = {Carr, C.~R. and Howe, C.~W.},
  year      = 1964,
  publisher = {McGraw-Hill},	
  title     = {Quantitative Decision Procedures in Management and Economic: Deterministic Theory and Applications},
  address   = {New York}
}

@article{
  Grishagin1994,
  author    = {Sergeyev, Ya.~D. and Grishagin, V.~A.},
  title     = {Sequential and parallel algorithms for global optimization},
  journal   = {Optim. Method. Softw.},
  year      = 1994,
  volume    = 3,
  number    = {1-3},
  pages     = {111-124},
}

@article{
  Barkalov2015,
  author    = {Barkalov, K.~A and Gergel, V.~P. and Lebedev, I.},
  title     = {Use of \uppercase{X}eon \uppercase{P}hi Coprocessor for Solving Global Optimization Problems},
  journal   = {Lecture Notes in Computer Science},
  booktitle="Parallel Computing Technologies",
  year="2015",
  publisher="Springer",
  address="Cham",
  volume    = 9251,
  pages     = {307-318},
}

@article{
  Sergeyev2016,
  author    = {Sergeyev, Y.~D. and Mukhametzhanov, M.~S. and Kvasov, D.~E. and Lera, D.},
  title     = {Derivative-Free Local Tuning and Local Improvement Techniques Embedded in the Univariate Global Optimization},
  journal   = {J. Optim. Theory Appl.},
  year      = 2016,
  volume    = 171,
  number    = 1,
  pages     = {186-208}
}

@article{
  Jones1993,
  author    = {Jones, D.~R. and Perttunen, C.~D. and Stuckman, B.~E.},
  title     = {Lipschitzian optimization without the \uppercase{L}ipschitz constant},
  journal   = {J. Optim. Theory Appl.},
  year      = 1993,
  volume    = 79,
  number    = 1,
  pages     = {157-181}
}

@article{
  Barkalov2018,
  author    = {Barkalov, K. and Strongin, R.},
  title     = {Solving a set of global optimization problems by the parallel technique with uniform convergence},
  journal   = {J. Glob. Optim.},
  year      = 2018,
  volume    = 71,
  number    = 1,
  pages     = {21-36}
}

@article{
  Barkalov2021,
  author    = {Barkalov, K. and Gergel, V. and Grishagin, V. and Kozinov, E.},
  title     = {An Approach for Simultaneous Finding of Multiple Efficient Decisions in Multi-objective Optimization Problems},
  journal   = {Lecture Notes in Computer Science},
  booktitle="Mathematical Optimization Theory and Operations Research",
  year="2021",
  publisher="Springer",
  address="Cham",
  volume    = 12755,
  pages     = {127--143}
}


@article{
  Kvasov2003,
  author    = {Kvasov, D.~E. and Pizzuti, C. and Sergeyev, Y.~D.},
  title     = {Local tuning and partition strategies for diagonal \uppercase{GO} methods},
  journal   = {Numer. Math.},
  year      = 2003,
  volume    = 94,
  number    = 1,
  pages     = {93-106}
}

@article{
  Zilinskas2008,
  author    = { {\v Z}ilinskas, J.},
  title     = {Branch and bound with simplicial partitions for global optimization},
  journal   = {Math. Model. Anal.},
  year      = {2008},
  volume    = {13},
  number    = {1},
  pages     = {145-159}
}

@article{
  Gergel2016,
  author        = {Barkalov, K.~A and Gergel, V.~P. and Lebedev, I. },
  title         = {Solving global optimization problems on \uppercase{GPU} cluster},
  journal       = {AIP Conf. Proc.},
  volume        = 1738,
  art_number    = {400006},
  year          = 2016
}

@article{
  Gergel2003,
  author    = {Gergel, V.~P. and Strongin, R.~G. },
  title     = {Parallel Computing for Globally Optimal Decision Making},
  journal   = {Lecture Notes in Computer Science},
  year      = 2003,
  volume    = 2763,
  pages     = {76-88}
}

@article{
  HookJeeves,
  author    = {Hooke, R and Jeeves, T.~A.},
  title     = {``\uppercase{D}irect Search'' Solution of Numerical and Statistical Problems},
  journal   = {J. ACM},
  volume    = 8,
  number    = 2,
  year      = 1961,
  pages     = {212-229},
  numpages  = {18}
}

@article{
  Sulimov,
  author    = {Kutov, D.~C. and Sulimov, A.~V. and Sulimov, V.~B.},
  title     = {Supercomputer docking: investigation of low energy minima of protein-ligand complexes},
  journal   = {Supercomputing Frontiers and Innovations},
  volume    = 5,
  number    = 3,
  pages     = {134-137},
  year  = {2018}
}

@article{
  Evtushenko2009,
  author    = {Evtushenko, Yu.~G. and Malkova, V.~U. and Stanevichyus, A.~A.},
  title     = {Parallel global optimization of functions of several variables},
  journal   = {Comput. Math. Math. Phys.},
  year      = 2009,
  volume    = 49,
  number    = 2,
  pages     = {246-260}
}

@article{
  Akhmadullina2017,
  author    = "Akhmadullina, L.~F. and Enikeeva, L.~V. and Gubaydullin, I.~M.",
  title     = "Numerical methods for reaction kinetics parameters: identification of low-temperature propane conversion in the presence of methane",
  journal   = "Procedia Engineering",
  volume    = "201",
  pages     = "612-616",
  year      = "2017"
}

@article{
  Nurislamova2016,
  author    = "Nurislamova, L.~F. and Gubaydullin, I.~M. and Koledina, K.~F. and Safin, R.~R.",
  title     = "Kinetic model of the catalytic hydroalumination of olefins with organoaluminum compounds",
  journal   = "Reaction Kinetics, Mechanisms and Catalysis",
  year      = "2016",
  volume    = "117",
  number    = "1",
  pages     = "1--14"
}

@article{
  Posypkin2014,
  author    = {Abgaryan, K.~K. and Posypkin, M.~A.},
  title     = {Optimization methods as applied to parametric identification of interatomic potentials},
  journal   = {Comput. Math. Math. Phys.},
  year      = "2014",
  volume    = "54",
  number    = "12",
  pages     = {1929-1935}
}

@article{
  vanDam2010,
  author    = "van Dam, E.~R. and Husslage, B. and den Hertog, D.",
  title     = "One-dimensional nested maximin designs",
  journal   = "J. Glob. Optim.",
  year      = "2010",
  volume    = "46",
  number    = "2",
  pages     = "287--306",
}

@book{
  Carr,
  author    = {Carr, C.~R. and Howe, C.~W.},
  title     = {Quantitative Decision Procedures in Management and Economic: Deterministic Theory and Applications},
  publisher = {McGraw-Hill},
  address   = {New York},
  year      = 1964
}

@article{
  NelderMead,
  author    = {Nelder, J.~A. and  Mead, R.},
  title     = {A Simplex Method for Function Minimization},
  journal   = {Computer Journal},
  year      = 1965,
  volume    = 7,
  number    = 4,
  pages     = {308-313}
}

@article{
  Sysoyev2017,
  author    = {Sysoyev, A.~V. and Barkalov, K.~A and Sovrasov, V. and Lebedev, I. and Gergel, V.~P.},
  title     = {Globalizer – A parallel software system for solving global optimization problems},
  journal   = {Lecture Notes in Computer Science},
  year      = {2017},
  volume    = {10421},
  pages     = {492-499}
}

@article{
  Kalyulin2017,
  author    = {Kalyulin, S.~L. and Shavrina, E.~V. and Modorskii, V.~Y. and Barkalov, K.~A. and Gergel, V.~P.},
  title     = {Optimization of Drop Characteristics in a Carrier Cooled Gas Stream Using \uppercase{ANSYS} and \uppercase{G}lobalizer Software Systems on the \uppercase{PNRPU} High-Performance Cluster},
  journal   = {Communications in Computer and Information Science},
  year      = {2017},
  volume    = {753},
  pages     = {331-345}
}

@article{
  Modorskii2016,
  author    = {Modorskii, V.~Y. and Gaynutdinova, D.~F. and Gergel, V.~P. and Barkalov, K.~A.},
  title     = {Optimization in design of scientific products for purposes of cavitation problems},
  journal   = {AIP Conference Proceedings},
  year      = {2016},
  volume    = {1738},
  art_number= {400013}
}

@article{
	Evtushenko1971,
	author    = {Evtushenko, Yu.~G},
	title     = {Numerical methods for finding global extreme (case of a non-uniform mesh)},
	journal   = {Comput. Maths. Math. Phys.},
	volume    = 11,
	number    = 6,
	year      = 1971,
	pages     = {38-54}
}

@article{
	Piyavskii1972,
	author    = {Piyavskii, S.~A.},
	title     = {An algorithm for finding the absolute extremum of a function},
	journal   = {Comput. Maths. Math. Phys.},
	volume    = 12,
	number    = 4,
	year      = 1972,
	pages     = {57-67}
}

@article{
	Strongin1970,
	author    = {Strongin, R.~G.},
	title     = {On a certain global-minimization algorithm},
	journal   = {Radiophysics and \uppercase{Q}uantum \uppercase{E}lectronics},
	volume    = 13,
    number    = 4,
	year      = 1970,
	pages     = {419--424}
}

@article{
	Shubert1972,
	author    = {Shubert, B.~O.},
	title     = {A sequential method seeking the global maximum of a function},
	journal   = {SIAM Journal on numerical analysis},
	volume    = 9,
	number    = 3,
	year      = 1972,
	pages     = {379-388}
}

@article{
	Wood1991,
	author    = {Wood, G.~R.},
	title     = {Multidimensional bisection applied to global optimisation},
	journal   = {Comput. Math. Appl.},
	volume    = 21,
	number    = {6-7},
	year      = 1991,
	pages     = {161-172}
}

@article{
	Meewella1988,
	author    = {Meewella, C.~C. and Mayne, D.~Q.},
	title     = {An algorithm for global optimization of \uppercase{L}ipschitz continuous functions},
	journal   = {J. Optim. Theory Appl.},
	volume    = 57,
	number    = 2,
	year      = 1988,
	pages     = {307-322}
}

@article{
	Mladineo1986,
	author    = {Mladineo, R.~H.},
	title     = {An algorithm for finding the global maximum of a multimodal multivariate function},
	journal   = {Math. Program.},
	volume    = 34,
	number    = 2,
	year      = 1986,
	pages     = {188-200}
}

@article{
	Vaz2009,
	author    = {Vaz, A. I.~F. and Vicente, L.~N.},
	title     = {\uppercase{PS}warm: a hybrid solver for linearly constrained global derivative-free optimization},
	journal   = {Optimization Methods and Software},
	volume    = 24,
	number    = {4-5},
	year      = 2009,
	pages     = {669-685}
}

@article{
	Stripinis2019,
	author			= {Stripinis, R. and Paulavi{\v c}ius, R. and {\v Z}ilinskas, J.},
	title			= {Penalty functions and two-step selection procedure based \uppercase{DIRECT}-type algorithm for constrained global optimization},
	journal			= {J. Struct. Multidisc. Optim.},
	year			= 2019,
	volume			= 59,
	number			= 6,
	pages     		= {2155-2175}
}

@article{
	Pillo2012,
	author			= {Di Pillo, G. and Lucidi, S. and Rinaldi, F.},
	title			= {An approach to constrained global optimization based on exact penalty functions},
	journal			= {J. Glob. Optim.},
	year			= 2012,
	volume			= 54,
	pages			= {251-260}
}

@article{
	Pillo2016,
	author			= {Di Pillo, G. and Liuzzi, G. and Lucidi, S.},
	title			= {A \uppercase{DIRECT}-type approach for derivative-free constrained global optimization},
	journal			= {Comput. Optim. Appl.},
	year			= 2016,
	volume			= 65,
	pages			= {361-397}
}

@article{
	Barkalov2017_1,
	author    = {Barkalov, K.~A and Lebedev, I.~G.},
	title     = {Comparing two approaches for solving constrained global optimization problems},
	journal   = {Lecture Notes in Computer Science},
	volume    = {10556},
	year      = 2017,
	pages     = {301--306}
}

@article{
	Barkalov2017_2,
	author    = {Barkalov, K.~A and Lebedev, I.~G.},
	title     = {Parallel algorithm for solving constrained global optimization problems},
	journal   = {Lecture Notes in Computer Science},
	volume    = {10421},
	year      = {2017},
	pages     = {396--404}
}

@article{
	Sovrasov2019,
	author	= {Sovrasov, V.~V.},
	title	= {Comparison of several stochastic and deterministic derivative-free global optimization algorithms},
	journal	= {Lecture Notes in Computer Science},
	year	= {2019},
	volume	= {11548},
	pages	= {70-81}
}

@article{
    Gergel2019_1,
    author  = {Gergel, V.~P. and Barkalov, K.~A and Lebedev, I.~G. and Rachinskaya, M.~A. and Sysoyev, A.~V.},
    title   = {A flexible generator of constrained global optimization test problems},
    journal = {AIP Conference Proceedings},
    year    = {2019},
    volume  = {2070},
    pages   = {20009}
}

@InProceedings{
    Gergel2019_2,
    author  = {Gergel, V. and Grishagin, V. and Israfilov, R.},
    title   = {Adaptive Dimensionality Reduction in Multiobjective Optimization with Multiextremal Criteria},
    journal = {Lecture Notes in Computer Science},
  booktitle="Machine Learning, Optimization, and Data Science",
  year="2019",
  publisher="Springer",
  address="Cham",
    volume  = {11331},
    pages   = {129--140}
}


@article{
    Gergel2017_2,
    author  = {Gergel, V.~P.},
    title   = {An approach for generating test problems of constrained global optimization},
    journal = {Lecture Notes in Computer Science},
    year    = {2017},
    volume  = {10556},
    pages   = {314-319}
}

@article{
    Pugliese,
    author  = {Sergeyev, Y.~D. and Famularo, D. and Pugliese, P.},
    title   = {Index Branch-and-Bound Algorithm for Lipschitz univariate global optimization with multiextremal constraints},
    journal = {J. Glob. Optim.},
    year    = {2001},
    volume  = {21},
	number  = {3},
    pages   = {317-341}
}

@article{
    Barkalov2002,
    author  = {Barkalov, K.~A. and Strongin, R.~G.},
    title   = {A global optimization technique with an adaptive order of checking for constraints},
    journal = {Comput. Math. Math. Phys.},
    year    = {2002},
    volume  = {42},
	  number  = {9},
    pages   = {1289-1300}
}

@article{
    Strongin2003,
    author  = {Strongin, R.~G. and Sergeyev, Ya.~D.},
    title   = {Global optimization: fractal approach and non-redundant parallelism},
    journal = {J. Glob. Optim.},
    year    = {2003},
    volume  = {27},
	  number  = {1},
    pages   = {25-50}
}

@article{
	NUMTA2019,
	author	= {Strongin, R.~G. and Barkalov, K.~A. and Bevzuk, S.~A.},
	title	= {Acceleration of Global Search by Implementing Dual Estimates for \uppercase{L}ipschitz Constant},
	journal	= {Lecture Notes in Computer Science},
	year	= {2020},
	volume	= {11974}, 
	pages   = {478-486}
}

@article{
	Sergeyev1998,
	author	= {Sergeyev, Y.~D.},
	title	= {Global one-dimensional optimization using smooth auxiliary functions},
	journal	= {Math. Program.},
	year	= 1998,
	volume	= 81, 
	pages     = {127-146}
}

@book{
  PaulaviciusZilinskas2014,
  author    = {Paulavi{\v c}ius, R. and {\v Z}ilinskas, J.},
  title     = {Simplicial Global Optimization},
  publisher = {Springer},
  address   = {New York},
  year      = 2014
}

@book{
  Sergeyev2017,
  author    = {Sergeyev, Y.~D. and Kvasov, D.~E},
  title     = {Deterministic global optimization: An introduction to the diagonal approach},
  publisher = {Springer},
  address   = {New York},
  year      = 2017
}

@book{
  Horst1995,
  author    = {Horst, R. and Pardalos, P.~M.},
  title     = {Handbook of Global Optimization},
  publisher = {Kluwer Academic Publishers},
  address   = {Dordrecht},
  year      = 1995
}

@InProceedings{
  Jones2009,
  author    = {Jones, D.~R.},
  title     = {The \uppercase{DIRECT} global optimization algorithm},
  booktitle = {The Encyclopedia of Optimization},
  pages     = {725--735},
  year      = 2009,
  publisher = {Springer},
  address   = {Heidelberg},
}

@article{
  Moreau2000,
  author    = {Moreau, L. and Aeyels, D.},
  title     = {Optimization of discontinuous functions: a generalized theory of differentiation},
  journal   = {SIAM J. Optim.},
  volume    = 11,
  number    = 1,
  pages     = {53-69},
  year      = 2000,
}

@article{
  Batukhtin1993,
  author    = {Batukhtin, V.~D.},
  title     = {On solving discontinuous extremal problems},
  journal   = {J. Optim. Theory Appl.},
  year      = 1993,
  volume    = 77,
  pages     = {575--589}
}

@article{
  Batukhtin1998,
  author    = {Batukhtin, V.~D. and Bigil'deev, S.~I. and Bigil'deeva, T.~B.},
  title     = {Approximate Gradient Methods and the Necessary Conditions for the Extremum of Discontinuous Functions},
  journal   = {IFAC Proceedings Volumes},
  volume    = 31,
  issue     = 13,
  pages     = {25-34},
  year      = 1998,
}

@article{
  Ban2019,
  author    = {Ban, N. and Yamazaki, W.},
  title     = {Development of efficient global optimization method for discontinuous optimization problems with infeasible regions using classification method},
  journal   = {Journal of Advanced Mechanical Design, Systems, and Manufacturing},
  volume    = 13,
  number    = 1,
  year      = 2019,
}

@InProceedings{ZhangXu,
	author = {Jihui Zhang and Junqin Xu},
	title = {A New Differential Evolution for Discontinuous Optimization Problems},
	year = 2007,
	publisher = {IEEE Computer Society},
	booktitle = {Third International Conference on Natural Computation, ICNC 2007}
}

@article{
  Audet,
  author    = {Audet, Charles and Dennis Jr., J.~E.},
  title     = {Analysis of Generalized Pattern Searches},
  journal   = {SIAM J. Optim.},
  volume    = 13,
  number    = 3,
  pages     = {889-903},
  year      = 2003,
}

@book{
  Goldberg,
  author    = {Goldberg, David~E.},
  title     = {Genetic Algorithms in Search, Optimization \& Machine Learning},
  publisher = {Addison-Wesley},
	address   = {Boston},
  year      = 1989,
}

@article{
  Kirkpatrick,
  author    = {Kirkpatrick, S. and Gelatt, C.~D. and Vecchi, M.~P.},
  title     = {Optimization by Simulated Annealing},
  journal   = {Science},
  volume    = 220,
  number    = 4598,
  pages     = {671-680},
  year      = {1983},
}
  
@Misc{
  MatlabOTB,
  key =        {MATLAB Global Optimization Toolbox},
  title =        {MATLAB Global Optimization Toolbox},
  organization = {The MathWorks, Inc},
  url =          "https://www.mathworks.com/help/gads/index.html",
  address =      {Natick, MA, USA},
}

@Inbook{Locatelli2002,
	author="Locatelli, Marco",
	editor="Pardalos, Panos M. and Romeijn, H. Edwin",
	title="Simulated Annealing Algorithms for Continuous Global Optimization",
	bookTitle="Handbook of Global Optimization: Volume 2",
	year="2002",
	publisher="Springer US",
	address="Boston, MA",
	pages="179--229",
	doi="10.1007/978-1-4757-5362-2_6"
}

@Inbook{Aarts2014,
	author="Aarts, Emile and Korst, Jan and Michiels, Wil",
	editor="Burke, Edmund K. and Kendall, Graham",
	title="Simulated Annealing",
	bookTitle="Search Methodologies: Introductory Tutorials in Optimization and Decision Support Techniques",
	year="2014",
	publisher="Springer US",
	address="Boston, MA",
	pages="265--285",
	doi="10.1007/978-1-4614-6940-7_10"
}

@book{Coello2007,
  author    = {Coello, C.~A.~C. and Lamont, G.~B. and Van Veldhuizen, D.~A.},
  title     = {Evolutionary Algorithms for Solving Multi-Objective Problems},
  publisher = {Springer},
	address   = {New York},
  year      = 2007
}

@ARTICLE{Ruiz2015,
	author={Ruiz, A.B. and Saborido, R. and Luque, M.},
	title={A preference-based evolutionary algorithm for multiobjective optimization: the weighting achievement scalarizing function genetic algorithm},
	journal={Journal of Global Optimization},
	year={2015},
	volume={62},
	number={1},
	pages={101-129},
	doi={10.1007/s10898-014-0214-y}
}

@ARTICLE{Deb2002,
	author={Deb, K. and Pratap, A. and Agarwal, S. and Meyarivan, T.},
	title={A fast and elitist multiobjective genetic algorithm: \uppercase{NSGA-II}},
	journal={IEEE Transactions on Evolutionary Computation},
	year={2002},
	volume={6},
	number={2},
	pages={182-197}
}
%	doi={10.1109/4235.996017}

@ARTICLE{Zitzler2001,
	author={Zitzler, E. and Laumanns, M. and Thiele, L.},
	title={\uppercase{SPEA2}: Improving the strength pareto evolutionary algorithm},
	journal={TIK-Report},
	year={2001},
	volume={103},
	doi={10.3929/ethz-a-004284029}
}

@ARTICLE{Mostaghim2007,
	author={Mostaghim, S. and Branke, J. and Schmeck, H.},
	title={Multi-objective particle swarm optimization on computer grids},
	journal={Proceedings of GECCO 2007: Genetic and Evolutionary Computation Conference},
	year={2007},
	pages={869-875},
}

@ARTICLE{Nebro2009,
	author={Nebro, A.J. and Durillo, J.J. and Nieto, G. and Coello, C.A.C. and Luna, F. and Alba, E.},
	title={\uppercase{SMPSO: A} new {PSO}-based metaheuristic for multi-objective optimization},
	journal={Proceedings of MCDM 2009: IEEE Symposium on Computational Intelligence in Multi-Criteria Decision-Making},
	year={2009},
	pages={66--73},
	doi={10.1109/MCDM.2009.4938830},
	art_number={4938830}
}
@InProceedings{RC05,
  author = {M. Reyes and C.A. {Coello Coello}},
  title = {Improving {PSO}-based Multi-objective Optimization Using Crowding, Mutation and $\epsilon$-dominance},
booktitle="Evolutionary Multi-Criterion Optimization",
year="2005",
publisher="Springer",
address="Berlin, Heidelberg",
  volume = {3410},
	journal={Lecture Notes in Computer Science},
  pages = {509--519}
}


@InProceedings{Durillo2010,
	author={Durillo, J.J. and García-Nieto, J. and Nebro, A.J. and Coello Coello, C.A. and Luna, F. and Alba, E.},
	title={Multi-objective particle swarm optimizers: An experimental comparison},
	journal={Lecture Notes in Computer Science},
booktitle="Evolutionary Multi-Criterion Optimization",
year="2009",
publisher="Springer Berlin Heidelberg",
address="Berlin, Heidelberg",
	volume={5467},
	pages={495-509}
}
%doi={10.1007/978-3-642-01020-0\_39}

@ARTICLE{Zhou2011,
	author={Zhou, A. and Qu, B.-Y. and Li, H. and Zhao, S.-Z. and Suganthan, P.N. and Zhangd, Q.},
	title={Multiobjective evolutionary algorithms: A survey of the state of the art},
	journal={Swarm and Evolutionary Computation},
	year={2011},
	volume={1},
	number={1},
	pages={32-49},
	doi={10.1016/j.swevo.2011.03.001}
}

@ARTICLE{Nedjah2015,
	author={Nedjah, N. and De Macedo Mourelle, L.},
	title={Evolutionary multi-objective optimisation: A survey},
	journal={International Journal of Bio-Inspired Computation},
	year={2015},
	volume={7},
	number={1},
	pages={1-25},
	doi={10.1504/IJBIC.2015.067991}
}

@book{Miettinen1999,
  author    = {Miettinen, K.},
  title     = {Nonlinear Multiobjective Optimization},
  publisher = {Springer},
	address   = {Boston},
  year      = 1999	
}

@book{Ehrgott2005,
  author    = {Ehrgott, M.},
  title     = {Multicriteria Optimization},
  publisher = {Springer},
	address   = {Berlin, Heidelberg},
  year      = 2005	
}

@book{Collette2004,
  author    = {Collette, Y. and Siarry, P.},
  title     = {Multiobjective Optimization: Principles and Case Studies (Decision Engineering)},
  publisher = {Springer},
	address   = {Berlin, Heidelberg},
  year      = 2004	
}

@book{Marler2009,
  author    = {Marler, R.~T. and Arora, J.~S.},
  title     = {Multi-Objective Optimization: Concepts and Methods for Engineering},
  publisher = {VDM Verlag},
  year      = 2009	
}

@book{Pardalos2017,
  author    = {Pardalos, P.M. and {\v Z}ilinskas, A. and {\v Z}ilinskas, J.},
  title     = {Non-Convex Multi-Objective Optimization},
  publisher = {Springer},
	address   = {New York},
  year      = 2017	
}

@ARTICLE{Hillermeier2005,
	author={Hillermeier, C. and Jahn, J.},
	title={Multiobjective optimization: survey of methods and industrial applications},
	journal={Surv. Math. Ind.},
	year= 2005 ,
	volume=11,
	pages={1-42}
}

@InProceedings{Wierzbicki,
author={Wierzbicki, Andrzej P.},
editor={Fandel, G{\"u}nter and Gal, Tomas},
title={The Use of Reference Objectives in Multiobjective Optimization},
booktitle={Multiple Criteria Decision Making Theory and Application},
year=1980,
publisher={Springer},
address={Berlin, Heidelberg},
pages={468--486},
isbn={978-3-642-48782-8},
}

@ARTICLE{Zitzler2004,
author={Zitzler, E. and Künzli, S.},
title={Indicator-based selection in multiobjective search},
journal={Lecture Notes in Computer Science},
year={2004},
volume={3242},
pages={832--842},
doi={10.1007/978-3-540-30217-9_84}
}

@ARTICLE{Benitez2019,
author={Benítez-Hidalgo, A. and Nebro, A.J. and García-Nieto, J. and Oregi, I. and Del Ser, J.},
title={\lowercase{j}\uppercase{M}etal\uppercase{P}y: A Python framework for multi-objective optimization with metaheuristics},
journal={Swarm and Evolutionary Computation},
year={2019},
volume={51},
art_number={100598},
doi={10.1016/j.swevo.2019.100598}
}

@ARTICLE{Marler2004,
author={Marler, R.T. and Arora, J.S.},
title={Survey of multi-objective optimization methods for engineering},
journal={Structural and Multidisciplinary Optimization},
year={2004},
volume={26},
number={6},
pages={369-395}
}

@ARTICLE{Strekalovsky2001,
author={Strekalovsky, A.S.},
title={Extremal problems with D.C.-constraints},
journal={Computational Mathematics and Mathematical Physics},
year={2001},
volume={41},
number={12},
pages={1742-1751}
}

@ARTICLE{Strekalovsky2003,
author={Strekalovsky, A.S.},
title={On the minimization of the difference of convex functions on a feasible set},
journal={Computational Mathematics and Mathematical Physics},
year={2003},
volume={43},
number={3},
pages={380-390}
}

@ARTICLE{Strekalovsky2020,
author={Strekalovsky, A.S.},
title={On a Global Search in D.C. Optimization Problems},
journal={Communications in Computer and Information Science},
year={2020},
volume={1145 CCIS},
pages={222-236},
doi={10.1007/978-3-030-38603-0_17}
}

@ARTICLE{GergelKozinovAPI2016,
author={Gegrel, V. and Kozinov, E.},
title={Accelerating multicriterial optimization by the intensive exploitation of accumulated search data},
journal={AIP Conf. Proc.},
year={2016},
volume={1776},
pages={090003}
}

@InProceedings{GergelKozinov2020,
author="Gergel, Victor and Kozinov, Evgeny",
title="Parallel Computations for Various Scalarization Schemes in Multicriteria Optimization Problems",
journal={Lecture Notes in Computer Science},
booktitle="Parallel Processing and Applied Mathematics",
year="2020",
publisher="Springer",
address="Cham",
volume = {12043},
pages="174--184"
}

@Article{Yu2011,
author={Yu, Hsiang-Fu
and Huang, Fang-Lan
and Lin, Chih-Jen},
title={Dual coordinate descent methods for logistic regression and maximum entropy models},
journal={Machine Learning},
year={2011},
volume={85},
number={1},
pages={41-75}
}

@Article{PISA2003,
author="Bleuler, Stefan
and Laumanns, Marco
and Thiele, Lothar
and Zitzler, Eckart",
title="{PISA}: A Platform and Programming Language Independent Interface for Search Algorithms",
journal="EMO 2003, Lecture Notes in Computer Science",
year="2003",
volume ={2632},
pages="494--508"
}

@ARTICLE{Subraveti2019,
author={Subraveti, S.G. and Li, Z. and Prasad, V. and Rajendran, A.},
title={Machine Learning-Based Multiobjective Optimization of Pressure Swing Adsorption},
journal={Industrial and Engineering Chemistry Research},
year={2019},
volume={58},
number={44},
pages={20412-20422}
}

@ARTICLE{Ma2014,
author={Ma, X. and Liu, F. and Qi, Y. and Gong, M. and Yin, M. and Li, L. and Jiao, L. and Wu, J.},
title={\uppercase{MOEA/D} with opposition-based learning for multiobjective optimization problem},
journal={Neurocomputing},
year={2014},
volume={146},
pages={48-64}
}

@ARTICLE{Talbi2015,
author={Talbi, E.-G.},
title={Hybrid metaheuristics for multi-objective optimization},
journal={Journal of Algorithms and Computational Technology},
year={2015},
volume={9},
number={1},
pages={41-63}
}

@inproceedings{NDG09,
	Author = {A.J. Nebro and J.J. Durillo and J. {Garc\'ia-Nieto} and C.A. {Coello Coello} and F. Luna and E. Alba},
	Booktitle = {2009 IEEE Symposium on Computational Intelligence in Multicriteria Decision-Making (MCDM 2009)},
	Pages = {66-73},
	Publisher = {IEEE Press},
	Title = {SMPSO: A New PSO-based Metaheuristic for Multi-objective Optimization},
	Year = {2009}}

@ARTICLE{DPA02,
 author = {K. Deb and A. Pratap and S. Agarwal and T. Meyarivan},
 title = {A Fast and Elitist Multiobjective Genetic Algorithm: {NSGA-II}},
 journal = {IEEE Trans. Evol. Comput.},
 year = {2002},
 volume = {6},
 pages = {182-197},
 number = {2}
}

@TECHREPORT{ZLT01,
  author = {E. Zitzler and M. Laumanns and L. Thiele},
  title = {{SPEA2}: Improving the Strength Pareto Evolutionary Algorithm},
  institution = {Computer Engineering and Networks Laboratory (TIK), Swiss Federal
	Institute of Technology (ETH), Zurich, Switzerland},
  year = {2001},
  number = {103},
}

@inproceedings{ZK04,
   author = {E. Zitzler and S. K\"unzli},
   title = {Indicator-based selection in multiobjective search},
   booktitle = {in Proc. 8th International Conference on Parallel Problem Solving from Nature, PPSN VIII},
   year = {2004},
   pages = {832--842},
   publisher = {Springer},
}

@inproceedings{DNA10,
	Address = {Barcelona, Spain},
	Author = { J.J. Durillo and A.J. Nebro and E. Alba  },
	Booktitle = {CEC 2010},
	Month = {July},
	Pages = {4138-4325},
	OPTPublisher = {Springer Berlin / Heidelberg},
	OPTSeries = {Lecture Notes in Computer Science},
	Title = {The jMetal Framework for Multi-Objective Optimization: Design and Architecture},
	OPTVolume = {5467},
	Year = {2010}}
 @article{CHIANDUSSI2012912,
title = {Comparison of multi-objective optimization methodologies for engineering applications},
journal = {Comput. Math. with Appl.},
volume = {63},
number = {5},
pages = {912--942},
year = {2012},
author = {G. Chiandussi and M. Codegone and S. Ferrero and F.E. Varesio}
}
%doi = {https://doi.org/10.1016/j.camwa.2011.11.057},

@InProceedings{ML_MCO_2023,
author = {Barkalov, Konstantin and Grishagin, Vladimir and Kozinov, Evgeny},
title = {{ML}-Based Approach for Accelerating Global Search Algorithm for Solving Multicriteria Problems},
journal = {Lecture Notes in Computer Science },
booktitle = {Learning and Intelligent Optimization: 16th International Conference, LION 16, Milos Island, Greece, June 5–10, 2022, Revised Selected Papers},
year="2023",
publisher = {Springer-Verlag},
address = {Berlin, Heidelberg},
volume = {10},
pages = {123--129}
}
%doi = {10.1007/978-3-031-24866-5_9}

@article{SVM_2000,
author = {Platt, John},
year = {1999},
pages = {61--74},
title = {Probabilistic Outputs for Support Vector Machines and Comparisons to Regularized Likelihood Methods},
volume = {10},
journal = {Advances in Large Margin Classifiers}
}

@article{PROB_2004,
author = {Wu, Ting-fan and Lin, Chih-Jen and Weng, Ruby},
year = {2004},
pages = {975--1005},
journal={J. Mach. Learn. Res.},
title = {Probability Estimates for Multi-Class Classification by Pairwise Coupling},
volume = {5}
}

@misc{iOpt_url,
  title = {Framework of intelligent optimization methods {iOpt}},
  howpublished = {\url{https://github.com/aimclub/iOpt/}},
  note = {Accessed: 2024-06-01}
}

@article{Jones2021,
author={Donald R. Jones and Joaquim R.R.A. Martins},
title={The {DIRECT} algorithm: 25 years Later},
journal={J. Glob. Optim.},
year={2020},
volume={79},
number={3},
pages={521--566}
}
%doi={10.1007/s10898-020-00952-6}

@book{Battiti2009,
  author    = {Battiti, R. and Brunato, M. and Mascia, F.},
  year      = {2009},
  publisher = {Springer},	
  title     = {Reactive Search and Intelligent Optimization},
  address   = {New York}
}
%	doi       = {10.1007/978-0-387-09624-7}

@book{Gendreau2010,
  author    = {Gendreau, M. and Potvin, J.-Y.},
  year      = {2010},
  publisher = {Springer},	
  title     = {Handbook of Metaheuristics},
  address   = {Boston}
}

@book{Eiben2015,
  author    = {Eiben, A.E. and Smith,J.E.},
  year      = {2015},
  publisher = {Springer},	
  title     = {Introduction to Evolutionary Computing},
  address   = {Berlin}
}
%	doi       = {10.1007/978-3-662-44874-8}

@ARTICLE{Paulavicius2020,
author={Paulavi{\v c}ius, R. and Sergeyev, Y.~D. and Kvasov, D.~E. and {\v Z}ilinskas, J.},
title={Globally-biased \uppercase{BIRECT} algorithm with local accelerators for expensive global optimization},
journal={Expert Syst. Appl.},
year={2020},
volume={144},
pages = {113052}
}
%doi={10.1016/j.eswa.2019.113052},


@Article{Lera2024,
author={Lera, Daniela and Nasso, Maria Chiara and Posypkin, Mikhail and Sergeyev, Yaroslav D.},
title={Determining solution set of nonlinear inequalities using space-filling curves for finding working spaces of planar robots},
journal={J. Glob. Optim.},
year={2024},
volume={89},
number={2},
pages={415--434}
}
%doi={10.1007/s10898-023-01352-2},

@article{LERA2021125660,
author = {Lera,  Daniela and Posypkin,  Mikhail and Sergeyev,  Yaroslav D.},
title = {Space-filling curves for numerical approximation and visualization of solutions to systems of nonlinear inequalities with applications in robotics},
journal = {Appl. Math. Comput.},
volume = {390},
pages = {125660},
year = {2021}
}
%doi = {https://doi.org/10.1016/j.amc.2020.125660},
