%% Journal article
@article{bib1,
  author		= "Campbell, S. L. and Gear, C. W.",
  title			= "The index of general nonlinear {D}{A}{E}{S}",
  journal		= "Numer. {M}ath.",
  volume		= "72",
  number		= "2",
  pages			= "173--196",
  year			= "1995"
}

%% Journal article with DOI
@article{bib2,
  author		= "Slifka, M. K. and Whitton, J. L.",
  title			= "Clinical implications of dysregulated cytokine production",
  journal		= "J. {M}ol. {M}ed.",
  volume		= "78",
  pages			= "74--80",
  year			= "2000",
  doi			= "10.1007/s001090000086"
}

%% Journal article
@article{bib3,
  author		= "Hamburger, C.",
  title			= "Quasimonotonicity, regularity and duality for nonlinear systems of 
					partial differential equations",
  journal		= "Ann. Mat. Pura. Appl.",
  volume		= "169",
  number		= "2",
  pages			= "321--354",
  year			= "1995"
}

%% book, authored
@book{bib4,
  author		= "Geddes, K. O. and Czapor, S. R. and Labahn, G.",
  title			= "Algorithms for {C}omputer {A}lgebra",
  address		= "Boston",
  publisher		= "Kluwer",
  year			= "1992"
}

%% Item 8. Book, chapter
@incollection{bib5,
  author		= "Broy, M.",
  title			= "Software engineering---from auxiliary to key technologies",
  editor		= "Broy, M. and Denert, E.",
  booktitle		= "Software Pioneers",
  pages			= "10--13",
  address		= "New {Y}ork",
  publisher		= "Springer",
  year			= "1992"
}

%% Book, edited
@book{bib6,
  editor		= "Seymour, R. S.",
  title			= "Conductive {P}olymers",
  address		= "New {Y}ork",
  publisher		= "Plenum",
  year			= "1981"
}

%% Chapter in a book in a series with volume titles
@inproceedings{bib7,
  author		= "Smith, S. E.",
  title			= "Neuromuscular blocking drugs in man",
  editor		= "Zaimis, E.",
  volume		= "42",
  booktitle		= "Neuromuscular junction. {H}andbook of experimental pharmacology",
  pages			= "593--660",
  address		= "Heidelberg",
  publisher		= "Springer",
  year			= "1976"
}

%% Paper presented at a conference
@misc{bib8,
  author		= "Chung, S. T. and Morris, R. L.",
  title			= "Isolation and characterization of plasmid deoxyribonucleic acid from 
					Streptomyces fradiae",
  year			= "1978",
  note			= "Paper presented at the 3rd international symposium on the genetics 
					of industrial microorganisms, University of {W}isconsin, {M}adison, 
					4--9 June 1978"
}

%% Data citation example
@misc{bib9,
  author		= "Hao, Z. and AghaKouchak, A. and Nakhjiri, N. and Farahmand, A.",
  title			= "Global integrated drought monitoring and prediction system (GIDMaPS) data sets", 
  year			= "2014",
  note			= "figshare \url{https://doi.org/10.6084/m9.figshare.853801}"
}

%% Preprint citation example
@misc{bib10, 
  author		= "Babichev, S. A. and Ries, J. and Lvovsky, A. I.",
  title			= "Quantum scissors: teleportation of single-mode optical states by means 
					of a nonlocal single photon", 
  year			= "2002",
  note			= "Preprint at \url{https://arxiv.org/abs/quant-ph/0208066v1}"
}

@article{bib11,
  author		= "Beneke, M. and Buchalla, G. and Dunietz, I.",
  title			= "Mixing induced {CP} asymmetries in inclusive {B} decays",
  journal		= "Phys. {L}ett.",
  volume		= "B393",
  year			= "1997",
  pages			= "132-142",
  archivePrefix		= "arXiv",
  eprint		= "0707.3168",
  primaryClass		= "gr-gc"
}

@softmisc{bib12,
  author		= "Stahl, B.",
  title			= "deep{SIP}: deep learning of {S}upernova {I}a {P}arameters",
  version		= "0.42",
  keywords		= "Software",
  howpublished		= "Astrophysics {S}ource {C}ode {L}ibrary",
  year			= "2020",
  month			= "Jun",
  eid			= "ascl:2006.023",
  pages			= "ascl:2006.023",
  archivePrefix		= "ascl",
  eprint		= "2006.023",
  adsurl		= "{https://ui.adsabs.harvard.edu/abs/2020ascl.soft06023S}",
  adsnote		= "Provided by the SAO/NASA Astrophysics Data System"
}

@article{bib13,
  author = "Abbott, T. M. C. and others",
  collaboration = "DES",
  title = "{Dark Energy Survey Year 1 Results: Constraints on Extended Cosmological Models from Galaxy Clustering and Weak Lensing}",
  eprint = "1810.02499",
  archivePrefix = "arXiv",
  primaryClass = "astro-ph.CO",
  reportNumber = "FERMILAB-PUB-18-507-PPD",
  doi = "10.1103/PhysRevD.99.123505",
  journal = "Phys. Rev. D",
  volume = "99",
  number = "12",
  pages = "123505",
  year = "2019"
}

%%============================================================================%%
%% while using chicago reference style, both abbreviated and expanded form of %%
%% author name format is acceptable. Refer below example for expanded form    %%
%%============================================================================%%

%%  author		= "{Cameron, Deborah}", - single author
%%  author		= "{Saito, Yukio} and {Hyuga, Hiroyuki}", - double author 

%%======================================%%
%% Example for author names with suffix %%
%%======================================%%

%%  author		= "{Price, R. A. Jr} and {Curry, N. {III}} and McCann, K. E. and 
%%					Fielding, J. L. and {Abercrombie, E. Jr}",


@book
{
  logan,
  author    = {Logan, S.R.},
  title     = {Fundamentals of Chemical Kinetics},
  publisher = {Prentice Hall},
  year      = 1996
}


@article
{
    Koledina2016KineticsAM,
    title={Kinetics and mechanism of olefin catalytic hydroalumination by organoaluminum compounds},
    author={Kamila Koledina and Irek M. Gubaidullin},
    journal={Russian Journal of Physical Chemistry A},
    year={2016},
    volume={90},
    pages={914-921}
}

@article
{
	enik2021,
	author    = {Enikeeva, L.V. and Faskhutdinov, A.G. and Koledina, K.F. and Faskhutdinova, R.I. and Gubaydullin, I.M.},
	title     = {Modeling and optimization of the catalytic isomerization of the pentane-hexane fraction with maximization of individual high-octane components yield},
	journal   = {Reaction Kinetics, Mechanisms and Catalysis},
	year={2021},
	volume={133},
	pages={879 - 895},
	doi = {10.1007/s11144-021-02020-w}
}

@article
{
	Zaynullin2020,
	author    = {Zaynullin, R.Z. and Koledina, K.F. and Gubaydullin, I.M. and  Akhmetov, A.F. and  Koledin, S.N.},
	title     = {Kinetic Model of Catalytic Gasoline Reforming with Consideration for Changes in the Reaction Volume and Thermodynamic Parameters},
	journal   = {Kinetics and Catalysis},
	volume    = {61},
	year      = {2020},
	pages     = {613 -- 622},
	doi = {10.1134/S002315842004014X}
}

@InProceedings{Enikeeva2020,
	author="Enikeeva, L. and Marchenko, M. and Smirnov, D. and Gubaydullin, I.",
	editor="Voevodin, Vladimir
	and Sobolev, Sergey",
	title="Parallel Gravitational Search Algorithm in Solving the Inverse Problem of Chemical Kinetics",
	booktitle="Supercomputing",
	year="2020",
	publisher="Springer International Publishing",
	address="Cham",
	pages="98 -- 109",
	isbn="978-3-030-64616-5",
	doi = {10.1007/978-3-030-64616-5_9}
}

@article
{
    uskovfibrous,
    title = {Fibrous alumina-based Ni-MOx (M=Mg, Cr, Ce) catalysts for propane pre-reforming},
    journal = {Materials Letters},
    volume = {257},
    pages = {126741},
    year = {2019},
    issn = {0167-577X},
    author = {S.I. Uskov and D.I. Potemkin and N. Kamboj and P.V. Snytnikov and V.P. Pakharukova and L.V. Enikeeva and I.M. Gubaydullin and I. Hussainova},
    doi = {10.1016/j.matlet.2019.126741}
}


@Article
{
    en13133393,
    AUTHOR = {Uskov, S. I. and Potemkin, D. I. and Enikeeva, L. V. and Snytnikov, P. V. and Gubaydullin, I. M. and Sobyanin, V. A.},
    TITLE = {Propane Pre-Reforming into Methane-Rich Gas over Ni Catalyst: Experiment and Kinetics Elucidation via Genetic Algorithm},
    JOURNAL = {Energies},
    VOLUME = {13},
    YEAR = {2020},
    NUMBER = {13},
    ARTICLE-NUMBER = {3393},
    doi = {10.3390/en13133393}
}


@article
{
    enikeeva2021,
    title = {Gravitational search algorithm for determining the optimal kinetic parameters of propane pre-reforming reaction},
    journal = {Reaction Kinetics, Mechanisms and Catalysis},
    volume = {132},
    pages = {111 -- 122},
    year = {2021},
    author = {Enikeeva, L.V. and Uskov, S.I. and Potemkin, D.I. and Snytnikov, P.V.  and Enikeev, M.R. and  Gubaydullin, I.M.},
    doi = {10.1007/s11144-021-01927-8}
}

@article
{
	Zainullin2019,
	author = {Zainullin, R. and Zagoruiko, A. and Koledina, K. and Gubaidullin, I. and Faskhutdinova, R.},
	year = {2019},
	pages = {465 -- 473},
	title = {Multicriteria Optimization of the Catalytic Reforming Reactor Unit Using the Genetic Algorithm},
	volume = {19},
	journal = {Kataliz v promyshlennosti}
}

@article
{
	Koledina2019,
	author = {Koledina, K.F. and Gubaidullin, I.M. and Koledin, S.N. and Baiguzina, A.R. and Gallyamova, L.I. and Khusnutdinov, R.I.},
	year = {2019},
	pages = {2146 -- 2151},
	title = {Kinetics and Mechanism of the Synthesis of Benzylbutyl Ether in the Presence of Copper-Containing Catalysts},
	volume = {93},
	journal = {Russian Journal of Physical Chemistry A},
	doi = {10.1134/S0036024419110141}
}

@article
{
	Gubaidullin2014,
	author = {Gubaidullin, I. and Koledina, K. and Sayfullina, L.},
	year = {2014},
	pages = {13 -- 24},
	title = {Mathematical modeling of induction period of the olefins hydroalumination reaction by diisobutylaluminiumchloride catalyzed with Cp2ZrCl2},
	volume = {18},
	number = {1},
	journal = {Engineering journal}
}

@article
{
	Chainikova2017,
	author = {Chainikova, E.M. and Yusupova, A.R. and Khursan, S.L. and Teregulova, A.N. and Lobov, A.N. and Abdullin, M.F. and Enikeeva, L.V. and Gubaydullin, I.M. and Safiullin, R.L.},
	title = {Interplay of Conformational and Chemical Transformations of Ortho-Substituted Aromatic Nitroso Oxides: Experimental and Theoretical Study},
	journal = {The Journal of Organic Chemistry},
	volume = {82},
	number = {15},
	pages = {7750 -- 7763},
	year = {2017}
}


@article
{
	Enikeev2020,
	title = {Analysis of corrosion processes kinetics on the surface of metals},
	journal = {Chemical Engineering Journal},
	volume = {383},
	pages = {123131},
	year = {2020},
	author = {Enikeev, M.R. and Potemkin, D.I. and Enikeeva, L.V. and Enikeev, A.R. and Maleeva, M.A. and Snytnikov, P.V. and Gubaydullin, I.M.},
	doi = {10.1016/j.cej.2019.123131}
}

@article
{
	Uskov2017,
	author = {Uskov, S.I. and  Enikeeva, L.V. and Potemkin, D. I. and Belyaev, V. D. and Snytnikov, P.V. and Gubaidullin, I.M. and  Kirillov, V. A. and  Sobyanin, V. A.},
	title = {Kinetics of low-temperature steam reforming of propane in a methane excess on a Ni-based catalyst},
	journal = {Catalysis in Industry},
	volume = {9},
	year = {2017},
	pages = {104 -- 109}
}

@article
{
	Uskov2020,
	author = {Uskov, S.I. and Potemkin, D.I. and Enikeeva, L.V. and Snytnikov, P.V. and Gubaydullin, I.M. and Sobyanin, V.A.},
	title = {Propane Pre-Reforming into Methane-Rich Gas over Ni Catalyst: Experiment and Kinetics Elucidation via Genetic Algorithm},
	journal = {Energies},
	volume = {13},
	year = {2020},
	number = {13},
	doi = {10.3390/en13133393}
}


@article
{
	Uskov2019,
	title = {Fibrous alumina-based Ni-MOx (M = Mg, Cr, Ce) catalysts for propane pre-reforming},
	journal = {Materials Letters},
	volume = {257},
	pages = {126741},
	year = {2019},
	author = {Uskov, S.I. and Potemkin, D.I. and Kamboj, N. and Snytnikov, P.V. and  Pakharukova,V.P. and Enikeeva, L.V. and Gubaydullin, I.M. and Hussainova, I.},
	doi = {10.1016/j.matlet.2019.126741}
}

@article
{
  globalizerSystem,
  author    = {Gergel, V.P. and Barkalov, K.A. and Sysoyev, A.V.},
  title     = {A novel supercomputer software system for solving time-consuming global optimization problems},
  journal   = {Numerical Algebra, Control \& Optimization},
  volume    = 8,
  number    = 1,
  year      = 2018,
  pages     = {47 -- 62}
}

@phdthesis
{
  Schlueter2012,
  author="{Schlueter, Martin}",
  title={Nonlinear mixed integer based Optimization Technique for Space Applications},
  school={The University of Birmingham},
  year=2012
}

@article
{
  Gaviano2003,
  author    = {Gaviano, M. and Kvasov, D.E. and Lera, D. and Sergeyev, Ya.D.},
  title     = {Software for generation of classes of test functions with known local and global minima for global optimization},
  journal   = {ACM Transactions on Mathematical Software},
  volume    = 29,
  number    = 4,
  year      = 2003,
  pages     = {469 -- 480}
}

@article
{
  grishaginClass,
  author    = {Grishagin, V.A.},
  title     = {Operating Characteristics of Some Global Search Algorithms},
  journal   = {Problems of Statistical Optimization},
  volume    = 7,
  year      = {1978 (In Russian)},
  pages     = {198 -- 206},
  publisher = {Zinatne},
  address   = {Riga}
}

@article
{
  Storn1997,
  author = "Storn, Rainer and Price, Kenneth",
  title = "Differential Evolution -- A Simple and Efficient Heuristic for global Optimization over Continuous Spaces",
  journal = "Journal of Global Optimization",
  year = "1997",
  month = "Dec",
  volume = "11",
  number = "4",
  pages = "341 -- 359"
}

@article
{ 
	SCHLUTER2009,
	title = "Extended ant colony optimization for non-convex mixed integer nonlinear programming",
	journal = "Computers \& Operations Research",
	volume = "36",
	number = "7",
	pages = "2217 -- 2229",
	year = "2009",
	author = "Martin Schluter and Jose A. Egea and Julio R. Banga"
}

@book
{
  Strongin2000,
  author    = {Strongin, R.~G. and Sergeyev, Y.~D.},
  title     = {Global optimization with non-convex constraints. Sequential and parallel algorithms},
  publisher = {Kluwer Academic Publishers, Dordrecht},
  year      = 2000,
	doi = {10.1007/978-1-4615-4677-1}
}

@book
{
  Pinter1996,
  author    = {Pinter, J.D.},
  title     = {Global optimization in action (Continuous and Lipschitz Optimization: Algorithms, Implementations and Applications)},
  publisher = {Kluwer Academic Publishers},
  address   = {Dordrecht},
  year      = 1996
}

@book
{
  Pinter2006,
  author    = {Pinter, J.D.},
  title     = {Global Optimization: Scientific and Engineering Case Studies},
  publisher = {Springer},
  address   = {New York},
  year      = 2006
}


@book
{
  Horst1996,
  author    = {Horst, R. and Tuy, H.},
  title     = {Global Optimization -- Deterministic Approaches},
  publisher = {Springer-Verlag},
  address   = {Berlin},
  year      = 1996
}



@article{Evtushenko2013,
  author    = {Evtushenko, Y. and Posypkin, M.},
  title     = {A deterministic approach to global box-constrained optimization},
  journal   = {Optim. Lett.},
  volume    = {7},
  year      = {2013},
  pages     = {819--829},
  doi = {10.1007/s11590-012-0452-1}
}

@InProceedings
{
  Jones2009,
  author    = "{Jones, D.R.}",
  title     = {The \uppercase{DIRECT} global optimization algorithm},
  booktitle = {The Encyclopedia of Optimization},
  pages     = {725 -- 735},
  year      = {2009},
  publisher = {Springer, Heidelberg},
}

@article
{
  Paulavicius2011,
  author={Paulavi{\v c}ius, R. and {\v Z}ilinskas, J. and Grothey, A.},
  title={Parallel branch and bound for global optimization with combination of \uppercase{L}ipschitz bounds},
  journal={Optim. Method. Softw.},
  year={2011},
  volume={26},
  number={3},
  pages={487-498},
	doi = {10.1080/10556788.2010.551537}
}

@INPROCEEDINGS
{
	KennedyEberhart1995,
	author={J. Kennedy and R. Eberhart},
	booktitle={Proceedings of ICNN'95 -- International Conference on Neural Networks},
	title={Particle swarm optimization},
	year={1995},
	volume={4},
	pages={1942 -- 1948}
}

@article
{
	Beiranvand2017,
	author="Beiranvand, Vahid and Hare, Warren and Lucet, Yves",
	title="Best practices for comparing optimization algorithms",
	journal="Optimization and Engineering",
	year="2017",
	volume="18",
	number="4",
	pages="815 -- 848",
}

@article
{
	JSSv060i06,
	author = {Katharine Mullen},
	title = {Continuous Global Optimization in R},
	journal = {Journal of Statistical Software, Articles},
	volume = {60},
	number = {6},
	year = {2014},
	pages = {1 -- 45},
}

@article
{
	Ali2005,
	author="Ali, M. Montaz and Khompatraporn, Charoenchai and Zabinsky, Zelda B.",
	title="A Numerical Evaluation of Several Stochastic Algorithms on Selected Continuous Global Optimization Test Problems",
	journal="Journal of Global Optimization",
	year="2005",
	volume="31",
	number="4",
	pages="635 -- 672",
}

@article
{
	posik2012,
	author = {Pošík, Petr and Huyer, Waltraud and Pál, László},
	title = {A Comparison of Global Search Algorithms for Continuous Black Box Optimization},
	journal = {Evolutionary Computation},
	volume = {20},
	number = {4},
	pages = {509 -- 541},
	year = {2012},
}

@article
{
	Kvasov2018,
	title = "Metaheuristic vs. deterministic global optimization algorithms: The univariate case",
	journal = "Appl. Math. Comput.",
	volume = "318",
	pages = "245 -- 259",
	year = "2018",
	author = "Kvasov, D.E. and Mukhametzhanov, M.S.",
	doi = {10.1016/j.amc.2017.05.014}
}

@article
{
	Liberti2005,
	title = "Comparison of deterministic and stochastic approaches to global optimization",
	journal = "International Transactions in Operational Research",
	volume = "12",
	pages = "263 -- 285",
	year = "2005",
	author = "Liberti, Leo and Kucherenko, Sergei",
}

@book
{
  Sergeyev2013,
  author    = {Sergeyev, Y.~D. and Strongin, R.~G. and Lera, D.},
  title     = {Introduction to global optimization exploiting space-filling curves},
  seria = {SpringerBriefs in Optimization},
  publisher   = {Springer, New York},
  year      = 2013,
	doi       = {10.1007/978-1-4614-8042-6}
}

@article
{
  Gergel2009,
  author    = {Strongin, R.G. and Gergel, V.P. and Barkalov, K.A.},
  title     = {Parallel methods for global optimization problem solving},
  journal   = {Journal of instrument engineering},
  volume    = 52,
  year      = "2009 (In Russian)",
  pages     = {25--33}
}

@book
{
  strongin1978,
  author    = {Strongin, R.G.},
  title     = {Numerical Methods in Multiextremal Problems (Information-StatisticalAlgorithms)},
  publisher = {Moscow: Nauka (In Russian)},
  year      = 1978
}

@Article{Price1983,
author="Price, W. L.",
title="Global optimization by controlled random search",
journal="Journal of Optimization Theory and Applications",
year="1983",
month="Jul",
day="01",
volume="40",
number="3",
pages="333--348",
}

@article
{
  Gablonsky2001,
  author    = "{Gablonsky, J.M., Kelley, C.T.}",
  title     = {A locally-biased form of the \uppercase{DIRECT} algorithm},
  journal   = {J. Glob. Optim.},
  volume    = 21,
  number    = 1,
  year      = 2001,
  pages     = {27--37}
}

@Article{Madsen1998,
author="Madsen, Kaj and Zertchaninov, Serguei",
title="A New Branch-and-Bound Method for Global Optimization",
year="1998",
}

@article{Kan1987StochasticGO,
  title={Stochastic global optimization methods part II: Multi level methods},
  author={Alexander H. G. Rinnooy Kan and G. T. Timmer},
  journal={Math. Program.},
  year={1987},
  volume={39},
  pages={57-78}
}

@article{XIANG1997216,
title = "Generalized simulated annealing algorithm and its application to the Thomson model",
journal = "Physics Letters A",
volume = "233",
number = "3",
pages = "216 - 220",
year = "1997",
author = "Y Xiang and D.Y Sun and W Fan and X.G Gong",
}

@ARTICLE{indexMethod,
   author       = "{Markin, D.L., Strongin, R.G.}",
   title        = "A method for solving multi-extremal problems with non-convex constraints, that uses a priori information about estimates of the optimum",
   year         = "1987",
   journal      = "Comp. Math. Math. Phys.",
   volume       = "27(1)",
   pages        = "33--39"
}

@Misc{scipy,
  author =    {Eric Jones and Travis Oliphant and Pearu Peterson and others},
  title =     {{SciPy}: Open source scientific tools for {Python}},
  year =      {2001--},
  url = "http://www.scipy.org/",
  note = {[Online; accessed <24.12.2018>]}
}

@Misc{nlopt,
  author =    {Steven G. Johnson},
  title =     {The NLopt nonlinear-optimization package},
  url = "http://ab-initio.mit.edu/nlopt",
  note = {[Online; accessed <24.12.2018>]}
}

@article{Sergeyev2010,
author = "{Lera, D., Sergeyev, Ya.D.}",
title = {An information global minimization algorithm using the local improvement technique},
journal = {J. Glob. Optim.},
volume = {48},
number = {1},
pages = {99-112},
year = {2010},
}

@article{Sergeyev2006,
author = {Sergeyev, Y.D. and Kvasov, D.E.},
title = {Global Search Based on Efficient Diagonal Partitions and a Set of \uppercase{L}ipschitz Constants},
journal = {SIAM J. Optim.},
volume = {16},
number = {3},
pages = {910-937},
year = {2006},
}

@article{Strongin2018,
author={Strongin, R.G. and Gergel, V.P. and Barkalov, K.A. and Sysoyev, A.V.},
title={Generalized Parallel Computational Schemes for Time-Consuming Global Optimization},
journal={Lobachevskii Journal of Mathematics},
year={2018},
volume={39},
number={4},
pages={576-586}
}

@article{Gergel2017,
title = "Accelerating Parallel Multicriterial Optimization Methods Based on Intensive Using of Search Information",
journal = "Procedia Computer Science",
volume = "108",
pages = "1463 - 1472",
year = "2017",
note = "International Conference on Computational Science, ICCS 2017, 12-14 June 2017, Zurich, Switzerland",
author = "V.P. Gergel and E.A. Kozinov",
}

@Article{Gergel2018,
author="Gergel, V. and Kozinov, E.",
title="Efficient multicriterial optimization based on intensive reuse of search information",
journal="J. Glob. Optim.",
year="2018",
month="May",
day="01",
volume="71",
number="1",
pages="73-90",
}

@article{Sovrasov2018,
title = "Comparison of dimensionality reduction schemes for derivative-free global optimization algorithms",
journal = "Procedia Computer Science",
volume = "136",
pages = "136 - 143",
year = "2018",
note = "7th International Young Scientists Conference on Computational Science, YSC2018, 02-06 July2018, Heraklion, Greece",
author = "Vladislav Sovrasov",
}

@article{Barkalov2019,
title = {Comparison of dimensionality reduction schemes for parallel global optimization algorithms},
journal = {Communications in Computer and Information Science},
volume = {965},
pages = {50-62},
year = {2019},
author = {Barkalov, K. and Lebedev, I. and Sovrasov, V.},
}

@article{Barkalov2016,
title = {Solving multidimensional global optimization problems using graphics accelerators},
journal = {Communications in Computer and Information Science},
volume = {687},
pages = {224-235},
year = {2016},
author = {Barkalov, K. and Lebedev, I.},
}


@article{Grishagin2016,
author={Gergel, V. and Grishagin, V. and Gergel, A.},
title={Adaptive nested optimization scheme for multidimensional global search},
journal={J. Glob. Optim.},
year={2016},
volume={66},
number={1},
pages={35-51},
}

@article{Barkalov2020,
title = {Adaptive Global Optimization Based on Nested Dimensionality Reduction},
journal = {Adv. Intel. Syst. Comput.},
volume = {991},
pages = {48-57},
year = {2020},
author = {Barkalov, K. and Lebedev, I.},
}

@article{Grishagin2018,
title = {Convergence conditions and numerical comparison of global optimization methods based on dimensionality reduction schemes},
journal = {Appl. Math. Comput.},
volume = {318},
pages = {270-280},
year = {2018},
author = {Grishagin, V. and Israfilov, R. and Sergeyev, Ya.D.},
doi = {10.1016/j.amc.2017.06.036}
}

@article{Grishagin2016_1,
title = {Comparative efficiency of dimensionality reduction schemes in global optimization},
journal = {AIP Conference Proceedings},
volume = {1776},
pages = {060011},
year = {2016},
author = {Grishagin, V. and Israfilov, R. and Sergeyev, Ya.D.}
}

@INPROCEEDINGS{Barkalov2014,
  author={Barkalov, K.A. and Gergel, V.P.},
  booktitle={OPT-i 2014 -- 1st International Conference on Engineering and Applied Sciences Optimization, Proceedings},
  title={Multilevel scheme of dimensionality reduction for parallel global search algorithms},
  year={2014},
  pages={2111-2124}
}

@article{Grishagin2015,
title = {Local tuning in nested scheme of global optimization},
journal = {Procedia Computer Science},
volume = {51},
number = {1},
pages = {865-874},
year = {2015},
author = {Gergel, V. and Grishagin, V. and Israfilov, R.}
}

@article{Grishagin2001,
title = {Parallel Asynchronous Global Search and the Nested Optimization Scheme},
journal = {J. Comput. Anal. Appl.},
volume = {3},
number = {2},
pages = {123-145},
year = {2001},
author = {Sergeyev, Ya.D. and Grishagin, V.A.}
}

@article{Sergeyev2018,
title = "On the efficiency of nature-inspired metaheuristics in expensive global optimization with limited budget",
journal = "Sci. Rep.",
volume = "8",
number = "1",
pages = "435",
year = "2018",
author = "Sergeyev, Y.~D. and Kvasov, D.~E. and Mukhametzhanov, M.~S.",
doi = {10.1038/s41598-017-18940-4}
}

@book{Yang2013,
  author    = {Yang, X.-S.},
  year      = {2008},
  isbn      = {1905986106, 9781905986101},
  publisher = {Luniver Press},	
  title     = {Nature-inspired metaheuristic algorithms},
  address   = {Frome},
}

@article{Zilinskas2010,
  author    = {Paulavi{\v c}ius, R. and {\v Z}ilinskas, J. and Grothey, A.},
  title     = {Investigation of selection strategies in branch and bound algorithm with simplicial partitions and combination of \uppercase{L}ipschitz bounds},
  journal   = {Optim. Lett.},
  volume    = 4,
	number 	  = 2,
  year      = 2010,
  pages     = {173--183},
	doi       = {10.1007/s11590-009-0156-3}
}


@ARTICLE{Paulavicius2016,
author			= {Paulavi{\v c}ius, R. and {\v Z}ilinskas, J.},
title				= {Advantages of simplicial partitioning for \uppercase{L}ipschitz optimization problems with linear constraints},
journal			= {Optim. Lett.},
year				= {2016},
volume			= {10},
number			= {2},
pages				= {237-246}
}

@ARTICLE{Paulavicius2014,
author			= {Paulavi{\v c}ius, R. and Sergeyev, Y.D. and Kvasov, D.E. and {\v Z}ilinskas, J.},
title				= {Globally-biased \uppercase{DISIMPL} algorithm for expensive global optimization},
journal			= {J. Glob. Optim.},
year				= {2014},
volume			= {59},
number			= {2-3},
pages				= {545-567}
}

@ARTICLE{Sergeyev2015,
author			= {Sergeyev, Y.D. and Kvasov, D.E.},
title				= {A deterministic global optimization using smooth diagonal auxiliary functions},
journal			= {Commun. Nonlinear. Sci. Numer. Simulat.},
year				= {2015},
volume			= {21},
number			= {1-3},
pages				= {99-111}
}

@book{Zhigljavsky2008,
  author    = {Zhigljavsky, A.A. and {\v Z}ilinskas, A.},
  year      = {2008},
  publisher = {Springer},	
  title     = {Stochastic Global Optimization},
  address   = {New York}
}

@book{Carr1964,
  author    = {Carr, C.R. and Howe, C.W.},
  year      = {1964},
  publisher = {McGraw-Hill},	
  title     = {Quantitative Decision Procedures in Management and Economic: Deterministic Theory and Applications},
  address   = {New York}
}

@ARTICLE{Grishagin1994,
author			= {Sergeyev, Ya.D. and Grishagin, V.A.},
title				= {Sequential and parallel algorithms for global optimization},
journal			= {Optim. Method. Softw.},
year				= {1994},
volume			= {3},
number			=	{1-3},
pages				=	{111-124},
}


@ARTICLE{Grishagin1997,
author			= {Grishagin, V.A. and Sergeyev, Y.D. and Strongin R.G.},
title				= {Parallel characteristical algorithms for solving problems of global optimization },
journal			= {J. Glob. Optim.},
year				= {1997},
volume			= {10},
number			=	{2},
pages				=	{185-206},
}

@ARTICLE{Barkalov2015,
author			= {Barkalov, K. and Gergel, V. and Lebedev, I.},
title				= {Use of \uppercase{X}eon \uppercase{P}hi Coprocessor for Solving Global Optimization Problems},
journal			= {Lecture Notes in Computer Science},
year				= {2015},
volume			= {9251},
pages				=	{307-318},
}

@ARTICLE{Sergeyev2016,
author="{Sergeyev, Y.D., Mukhametzhanov, M.S., Kvasov, D.E., Lera, D.}",
title={Derivative-Free Local Tuning and Local Improvement Techniques Embedded in the Univariate Global Optimization},
journal={J. Optim. Theory Appl.},
year={2016},
volume={171},
number={1},
pages={186-208}
}

@ARTICLE{Jones1993,
author={Jones, D.R. and Perttunen, C.D. and Stuckman, B.E.},
title={Lipschitzian optimization without the \uppercase{L}ipschitz constant},
journal={J. Optim. Theory Appl.},
year={1993},
volume={79},
number={1},
pages={157-181}
}

@ARTICLE{Barkalov2018,
author={Barkalov, K. and Strongin, R.},
title={Solving a set of global optimization problems by the parallel technique with uniform convergence},
journal={J. Glob. Optim.},
year={2018},
volume={71},
number={1},
pages={21-36},
doi = {10.1007/s10898-017-0555-4}
}

@ARTICLE{Kvasov2003,
author="{Kvasov, D.E., Pizzuti, C., Sergeyev, Y.D.}",
title={Local tuning and partition strategies for diagonal \uppercase{GO} methods},
journal={Numer. Math.},
year={2003},
volume={94},
number={1},
pages={93-106}
}

@ARTICLE{Zilinskas2008,
author={ {\v Z}ilinskas, J.},
title={Branch and bound with simplicial partitions for global optimization},
journal={Math. Model. Anal.},
year={2008},
volume={13},
number={1},
pages={145-159}
}

@article{Gergel2016,
author = {Barkalov, K. and Gergel, V. and Lebedev, I. },
title = {Solving global optimization problems on \uppercase{GPU} cluster},
journal = {AIP Conference Proceedings},
volume = {1738},
art_number = {400006},
year = {2016}
}

@ARTICLE{Gergel2003,
author			= {Gergel, V.P. and Strongin, R.G. },
title				= {Parallel Computing for Globally Optimal Decision Making},
journal			= {Lecture Notes in Computer Science},
year				= {2003},
volume			= {2763},
pages				=	{76-88}
}

@ARTICLE{HookJeeves,
author = {Hooke, R. and Jeeves, T.A.},
title = {``\uppercase{D}irect Search'' Solution of Numerical and Statistical Problems},
journal = {J. ACM},
volume = {8},
number = {2},
year = {1961},
pages = {212-229},
numpages = {18},
doi = {10.1145/321062.321069}
}

@ARTICLE{Sulimov,
author = {Kutov, D.C. and Sulimov, A.V. and Sulimov, V.B.},
title = {Supercomputer docking: investigation of low energy minima of protein-ligand complexes},
journal = {Supercomputing Frontiers and Innovations},
volume = {5},
number = {3},
pages = {134-137},
year = {2018}
}

@Article{Evtushenko2009,
author= {Evtushenko, Yu.G. and Malkova, V.U. and Stanevichyus, A. A.},
title={Parallel global optimization of functions of several variables},
journal={Comput. Math. Math. Phys.},
year={2009},
volume={49},
number={2},
pages={246-260},
doi = {10.1134/S0965542509020055}
}

@article{Akhmadullina2017,
author = "Akhmadullina, L.F. and Enikeeva, L.V. and Gubaydullin, I.M.",
title = "Numerical methods for reaction kinetics parameters: identification of low-temperature propane conversion in the presence of methane",
journal = "Procedia Engineering",
volume = "201",
pages = "612-616",
year = "2017"
}

@article{Nurislamova2016,
author="Nurislamova, L.F. and Gubaydullin, I.M. and Koledina, K.F. and Safin, R.R.",
title="Kinetic model of the catalytic hydroalumination of olefins with organoaluminum compounds",
journal="Reaction Kinetics, Mechanisms and Catalysis",
year="2016",
volume="117",
number="1",
pages="1--14"
}

@article{Posypkin2014,
author={Abgaryan, K.K. and Posypkin, M.A.},
title={Optimization methods as applied to parametric identification of interatomic potentials},
journal={Comput. Math. Math. Phys.},
year=2014,
volume=54,
number=12,
pages={1929-1935}
}

@article{vanDam2010,
author="van Dam, E.R. and Husslage, B. and den Hertog, D.",
title="One-dimensional nested maximin designs",
journal="J. Glob. Optim.",
year="2010",
volume="46",
number="2",
pages="287--306",
}

@article{NelderMead,
author={Nelder, J.A. and  Mead, R.},
title={A Simplex Method for Function Minimization},
journal={Computer Journal},
year=1965,
volume=7,
number=4,
pages={308-313}
}

@ARTICLE{Sysoyev2017,
author={Sysoyev, A. and Barkalov, K. and Sovrasov, V. and Lebedev, I. and Gergel, V.},
title={Globalizer – A parallel software system for solving global optimization problems},
journal={Lecture Notes in Computer Science},
year={2017},
volume={10421},
pages={492-499}
}

@ARTICLE{Kalyulin2017,
author={Kalyulin, S.L. and Shavrina, E.V. and Modorskii, V.Y. and Barkalov, K.A. and Gergel, V.P.},
title={Optimization of Drop Characteristics in a Carrier Cooled Gas Stream Using \uppercase{ANSYS} and \uppercase{G}lobalizer Software Systems on the \uppercase{PNRPU} High-Performance Cluster},
journal={Communications in Computer and Information Science},
year={2017},
volume={753},
pages={331-345},
doi = {10.1007/978-3-319-67035-5_24}
}

@article{Modorskii2016,
author={Modorskii, V.Y. and Gaynutdinova, D.F. and Gergel, V.P. and Barkalov, K.A.},
title={Optimization in design of scientific products for purposes of cavitation problems},
journal={AIP Conference Proceedings},
year={2016},
volume={1738},
art_number={400013},
doi = {10.1063/1.4952201}
}

@article{
	Sovrasov2019,
	author	= {Sovrasov, V.},
	title	= {Comparison of several stochastic and deterministic derivative-free global optimization algorithms},
	journal	= {Lecture Notes in Computer Science},
	year	= {2019},
	volume	= {11548},
	pages	= {70-81}
}

@ARTICLE{Ferreiro2013,
author={Ferreiro, A.M. and Garcia, J.A. and Lopez-Salas, J.G. and Vazquez, C.},
title={An efficient implementation of parallel simulated annealing algorithm in \uppercase{GPU}s},
journal={J. Glob. Optim.},
year={2013},
volume={57},
number={3},
pages={863-890}
}

@ARTICLE{Garcia2014,
author={Garcia-Martinez, J.M. and Garzon, E.M. and Ortigosa, P.M.},
title={A \uppercase{GPU} implementation of a hybrid evolutionary algorithm: \uppercase{GP}u\uppercase{EGO}},
journal={J. Supercomput.},
year={2014},
volume={70},
number={2},
pages={684-695}
}

@ARTICLE{Langdon2011,
author={Langdon, W.B.},
title={Graphics processing units and genetic programming: an overview},
journal={Soft computing},
year={2011},
volume={15},
number={8},
pages={1657-1669}
}

@book{Hwu2011,
  author    = {Hwu, W.},
  year      = {2011},
  publisher = {Morgan Kaufmann},	
  title     = {GPU Computing Gems: Emerald Edition },
  address   = {San Francisco}
}

@ARTICLE{He2008,
author={He, J. and Verstak, A. and Watson, L.T. and Sosonkina, M.},
title={Design and implementation of a massively parallel version of \uppercase{DIRECT}},
journal={Comput. Optim. Appl.},
year={2008},
volume={40},
number={2},
pages={217-245}
}

@book{Kindratenko2014,
  editor    = {Kindratenko, V.},
  year      = {2014},
  publisher = {Springer},	
  title     = {Numerical computations with GPUs},
  address   = {New York}
}

	
@ARTICLE{Strongin1992,
author={Strongin, R.G.},
title={Algorithms for multiextremal mathematical programming problems employing the set of joint space-filling curves},
journal={J. Glob. Optim.},
year={1992},
volume={2},
pages={357-378}
}


@book{Gendreau2010,
  author    = {Gendreau, M. and Potvin, J.-Y.},
  year      = {2010},
  publisher = {Springer},	
  title     = {Handbook of Metaheuristics},
  address   = {Boston}
}

@book{Eiben2015,
  author    = {Eiben, A.E. and Smith,J.E.},
  year      = {2015},
  publisher = {Springer},	
  title     = {Introduction to Evolutionary Computing},
  address   = {Berlin},
	doi       = {10.1007/978-3-662-44874-8}
}

@ARTICLE{Piyavskii1972,
   author       = {Piyavskii, S.A.},
   title        = {An Algorithm for Finding the Absolute Extremum of a Function},
   year         = {1972},
   journal      = {Comp. Math. Math. Phys.},
   volume       = {12(4)},
   pages        = {57-67}
}

@ARTICLE{Shubert1972,
   author       = {Shubert, B.O.},
   title        = {A Sequential Method Seeking the Global Maximum of a Function},
   year         = {1972},
   journal      = {SIAM J. Numer. Anal.},
   volume       = {9},
   pages        = {379-388}
}

@book{Battiti2009,
  author    = {Battiti, R. and Brunato, M. and Mascia, F.},
  year      = {2009},
  publisher = {Springer},	
  title     = {Reactive Search and Intelligent Optimization},
  address   = {New York},
	doi       = {10.1007/978-0-387-09624-7}
}

@book{
  Sergeyev2017,
  author    = {Sergeyev, Y.~D. and Kvasov, D.~E},
  title     = {Deterministic global optimization: An introduction to the diagonal approach},
  publisher = {Springer},
  address   = {New York},
  year      = 2017,
	doi       = {10.1007/978-1-4939-7199-2}
}

@book{
  PaulaviciusZilinskas2014,
  author    = {Paulavi{\v c}ius, R. and {\v Z}ilinskas, J.},
  title     = {Simplicial Global Optimization},
  publisher = {Springer, New York},
  year      = 2014,
	doi 	    = {10.1007/978-1-4614-9093-7}
}

@article{
    cao2019,
    author = {Cao, P. and Zheng, L. and Sun, W. and Zhao, L.},
    title = {Multiscale Modeling of Isobutane Alkylation with Mixed C4 Olefins Using Sulfuric Acid as Catalyst},
    journal = {Industrial \& Engineering Chemistry Research},
    volume = {58},
    number = {16},
    pages = {6340 -- 6349},
    year = {2019},
    doi = {10.1021/acs.iecr.9b00874}
}

@ARTICLE{Barkalov2021,
author={Barkalov, K. and Lebedev, I. and Kozinov, E.},
title={Acceleration of global optimization algorithm by detecting local extrema based on machine learning},
journal={Entropy},
year={2021},
volume={23},
number={10},
doi={10.3390/e23101272},
art_number={1272}
}

@ARTICLE{Strongin2020,
author={Strongin, R. and Barkalov, K. and Bevzuk, S.},
title={Global optimization method with dual Lipschitz constant estimates for problems with non-convex constraints},
journal={Soft Comput.},
year={2020},
volume={24},
number={16},
pages={11853--11865},
doi={10.1007/s00500-020-05078-1}
}

@ARTICLE{Molinaro2001,
author={Molinaro, A. and Pizzuti, C. and Sergeyev, Y.D.},
title={Acceleration tools for diagonal information global optimization algorithms},
journal={Computational Optimization and Applications},
year={2001},
volume={18},
number={1},
pages={5-26},
doi={10.1023/A:1008719926680}
}

@ARTICLE{Kvasov2013,
author={Kvasov, D.E. and Sergeyev, Y.D.},
title={Lipschitz global optimization methods in control problems},
journal={Automation and Remote Control},
year={2013},
volume={74},
number={9},
pages={1435--1448},
doi={10.1134/S0005117913090014}
}

@article{Burer2012,
author = {Samuel Burer and Adam N. Letchford},
title = {Non-convex mixed-integer nonlinear programming: A survey},
journal = {Surv. Oper. Res. Manag. Sci.},
volume = {17},
number = {2},
pages = {97--106},
year = {2012},
doi = {10.1016/j.sorms.2012.08.001}
}

@article{Boukouvala2016,
author = {Boukouvala, F. and Misener, R. and Floudas, C.A.},
title = {Global optimization advances in Mixed-Integer Nonlinear Programming, {MINLP}, and Constrained Derivative-Free Optimization, {CDFO}},
journal = {Eur. J. Oper. Res.},
volume = {252},
number = {3},
pages = {701--727},
year = {2016},
doi = {10.1016/j.ejor.2015.12.018}
}

@inproceedings{optuna,
author = {Akiba, Takuya and Sano, Shotaro and Yanase, Toshihiko and Ohta, Takeru and Koyama, Masanori},
title = {Optuna: A Next-Generation Hyperparameter Optimization Framework},
year = {2019},
doi = {10.1145/3292500.3330701},
pages = {2623–-2631},
booktitle = {Proceedings of the 25th ACM SIGKDD International Conference on Knowledge Discovery \& Data Mining}
}

@InProceedings{hyperopt,
  title = {Making a Science of Model Search: Hyperparameter Optimization in Hundreds of Dimensions for Vision Architectures},
  author = {James Bergstra and Daniel Yamins and David D. Cox},
  booktitle = {Proceedings of the 30th International Conference on Machine Learning},
  pages = {115--123},
  year = {2013}
}

@ARTICLE{Paulavicius2020,
author={Paulavi{\v c}ius, R. and Sergeyev, Y.~D. and Kvasov, D.~E. and {\v Z}ilinskas, J.},
title={Globally-biased \uppercase{BIRECT} algorithm with local accelerators for expensive global optimization},
journal={Expert Syst. Appl.},
year={2020},
volume={144},
doi={10.1016/j.eswa.2019.113052},
pages = {113052}
}


@article{Jones2021,
author={Donald R. Jones and Joaquim R.R.A. Martins},
title={The {DIRECT} algorithm: 25 years Later},
journal={J. Glob. Optim.},
year={2020},
volume={79},
number={3},
pages={521--566},
doi={10.1007/s10898-020-00952-6}
}

@article{Gubaydullin2021,
author={Gubaydullin, I. and Enikeeva, L. and Barkalov, K. and Lebedev, I.},
title	= {Parallel Global Search Algorithm for Optimization of the Kinetic Parameters of Chemical Reactions},
journal	= {Communications in Computer and Information Science},
year	= {2021},
volume	= {1510},
pages	= {198--211},
doi = {10.1007/978-3-030-92864-3_16}
}

@article{Kvasov2008,
title = {Tuning fuzzy power-system stabilizers in multi-machine systems by global optimization algorithms based on efficient domain partitions},
journal = {Electr. Power Syst. Res.},
volume = {78},
number = {7},
pages = {1217--1229},
year = {2008},
doi = {10.1016/j.epsr.2007.10.009},
author = {Kvasov, D.~E. and Menniti,D. and Pinnarelli, A. and Sergeyev, Y.~D. and Sorrentino, N.}
}

@article{CANDELIERI2019,
title = {Tuning hyperparameters of a SVM-based water demand forecasting system through parallel global optimization},
journal = {Comput. Oper. Res.},
volume = {106},
pages = {202--209},
year = {2019},
doi = {10.1016/j.cor.2018.01.013},
author = {Candelieri, A. and Giordani, I. and Archetti, F. and Barkalov, K. and Meyerov, I. and Polovinkin, A. and Sysoyev. A. and Zolotykh, N.}
}

@book{Lee2012,
  doi = {10.1007/978-1-4614-1927-3},
  year = {2012},
  publisher = {Springer, New York},
  series = {The IMA Volumes in Mathematics and its Applications},
  editor = {Lee, Jon and Leyffer, Sven},
  title = {Mixed Integer Nonlinear Programming}
}

@article{Belotti2013,
  author = {Belotti, P. and Kirches, C. and Leyffer, S. and Linderoth, J. and Luedtke, J. and Mahajan, A.},
  title = {Mixed-integer nonlinear optimization},
  doi = {10.1017/s0962492913000032},
  year = {2013},
  volume = {22},
  pages = {1--131},
  journal = {Acta Numerica}
}

@book{Archetti2019,
  author = {Archetti, F. and Candelieri, A.},
  title = {Bayesian Optimization and Data Science},
  doi = {10.1007/978-3-030-24494-1},
  year = {2019},
  series={SpringerBriefs in Optimization},
  publisher = {Springer, Cham}
}

@book{Hutter2019,
  editor = {Hutter, F. and Kotthoff, L. and Vanschoren, J.},
  title = {Automated Machine Learning: Methods, Systems, Challenges},
  doi = {10.1007/978-3-030-05318-5},
  year = {2019},
  series = {The Springer Series on Challenges in Machine Learning},
  publisher = {Springer, Cham},
}

@article{Wang2021,
  doi = {10.1016/j.knosys.2020.106602},
  year = {2021},
  volume = {223},
  pages = {106602},
  author = {Wang, C. and Wang, H. and Zhou, C. and Chen, H.},
  title = {{ExperienceThinking}: Constrained hyperparameter optimization based on knowledge and pruning},
  journal = {Knowl.-Based Syst.}
}

@article{Bergstra2012,
  author  = {James Bergstra and Yoshua Bengio},
  title   = {Random Search for Hyper-Parameter Optimization},
  journal = {J. Mach. Learn. Res.},
  year    = {2012},
  volume  = {13},
  number  = {10},
  pages   = {281--305},
  doi = {10.5555/2503308.2188395}
}

@inproceedings{Bao2006,
author = {Yukun Bao and Zhitao Liu},
title = {A Fast Grid Search Method in Support Vector Regression Forecasting Time Series},
year = {2006},
doi = {10.1007/11875581_61},
pages = {504--511},
booktitle = {Proceedings of the Intelligent DataEngineering and Automated Learning - IDEAL 2006: 7th International Conference}
}

@article{Opara2019,
	doi = {10.1016/j.swevo.2018.06.010},
	year = 2019,
	volume = {44},
	pages = {546--558},
	author = {Karol R. Opara and Jaros{\l}aw Arabas},
	title = {Differential Evolution: A survey of theoretical analyses},
	journal = {Swarm Evol. Comput.}
}


@inproceedings{Rasmussen2005,
  title={Gaussian Processes for Machine Learning},
  author={Carl E. Rasmussen and Christopher K. I. Williams},
  booktitle={Adaptive computation and machine learning},
  year={2005},
  doi = {10.7551/mitpress/3206.001.0001}
}

@inproceedings{NIPS2011,
 author = {Bergstra, James and Bardenet, R\'{e}mi and Bengio, Yoshua and K\'{e}gl, Bal\'{a}zs},
 title = {Algorithms for Hyper-Parameter Optimization},
 booktitle = {Proceedings of the 25th Annual Conference on Neural Information Processing Systems},
 pages = {2546--2554},
 year = {2011}
}

@article{Nevendra2022,
	doi = {10.1016/j.eswa.2021.116217},
	year = {2022},
	volume = {191},
	pages = {116217},
	author = {Meetesh Nevendra and Pradeep Singh},
	title = {Empirical investigation of hyperparameter optimization for software defect count prediction},
	journal = {Expert Syst. Appl.}
}

@article{Zhou2021,
	doi = {10.1016/j.engappai.2020.104015},
	year = 2021,
	volume = {97},
	pages = {104015},
	author = {Jian Zhou and Yingui Qiu and Shuangli Zhu and Danial Jahed Armaghani and Chuanqi Li and Hoang Nguyen and Saffet Yagiz},
	title = {Optimization of support vector machine through the use of metaheuristic algorithms in forecasting {TBM} advance rate},
	journal = {Eng. Appl. Artif. Intell.}
}

@article{Yang2022,
	doi = {10.1016/j.engappai.2021.104558},
	year = 2022,
	volume = {108},
	pages = {104558},
	author = {Wenbiao Yang and Kewen Xia and Shurui Fan and Li Wang and Tiejun Li and Jiangnan Zhang and Yu Feng},
	title = {A Multi-Strategy Whale Optimization Algorithm and Its Application},
	journal = {Eng. Appl. Artif. Intell.}
}

@article{Tune,
  doi = {10.48550/arXiv.1807.05118},
  author = {Liaw, Richard and Liang, Eric and Nishihara, Robert and Moritz, Philipp and Gonzalez, Joseph E. and Stoica, Ion},
  title = {Tune: A Research Platform for Distributed Model Selection and Training},
  journal = {arXiv},
  year = {2018},
}

@article{Sherpa,
	doi = {10.1016/j.softx.2020.100591},
	year = 2020,
	volume = {12},
	pages = {100591},
	author = {Lars Hertel and Julian Collado and Peter Sadowski and Jordan Ott and Pierre Baldi},
	title = {Sherpa: Robust hyperparameter optimization for machine learning},
	journal = {{SoftwareX}}
}

@article{Joy2020,
	doi = {10.48550/arXiv.1902.024167},
        journal={arXiv},
	year = 2019,
	author = {Tinu Theckel Joy and Santu Rana and Sunil Gupta and Svetha Venkatesh},
	title = {Fast hyperparameter tuning using Bayesian optimization with directional derivatives}
}

@inproceedings{Watanabe2022a,
  doi = {10.24963/ijcai.2023/487},
  author = {Watanabe, Shuhei and Awad, Noor and Onishi, Masaki and Hutter, Frank},
  title = {Speeding Up Multi-Objective Hyperparameter Optimization by Task Similarity-Based Meta-Learning for the Tree-Structured Parzen Estimator},
  booktitle = {Proceedings of the 32nd International Joint Conference on Artiﬁcial Intelligence},
  year = {2023},
pages={4380--4388}
}

@inproceedings{Watanabe2022b,
  doi = {10.24963/ijcai.2023/486},
  author = {Watanabe, Shuhei and Hutter, Frank},
  title = {{c-TPE}: Tree-structured Parzen Estimator with Inequality Constraints for Expensive Hyperparameter Optimization},
  booktitle = {Proceedings of the 32nd International Joint Conference on Artiﬁcial Intelligence},
  year = {2023},
pages={4371--4379}
}

@article{Frazier2018,
  author = {Frazier, Peter I.},
  title = {A Tutorial on Bayesian Optimization},
  doi = {10.48550/arXiv.1807.02811},
  journal = {arXiv},
  year = {2018},
}

@article{nikitin2021,
title = {Automated evolutionary approach for the design of composite machine learning pipelines},
author = {Nikolay Nikitin and Pavel Vychuzhanin and Mikhail Sarafanov and Iana Polonskaia and Ilia Revin and Irina Barabanova and Gleb Maximov and Anna Kalyuzhnaya and Alexander Boukhanovsky},
journal = {Future Gener. Comput. Syst.},
volume={127},
pages={109--125},
year = {2021},  
doi = {10.1016/j.future.2021.08.022}
}

@online{UCI,
  author = {Markelle Kelly and Rachel Longjohn and Kolby Nottingham},
  title = {The {UCI} {M}achine {L}earning {R}epository.},
  url = {https://archive.ics.uci.edu},
  urldate = {2024-03-15},
	year = {2024}
}

@article{Wu2023,
author = {Jia Wu and Xiyuan Liu and Senpeng Chen},
title = {Hyperparameter optimization through context-based meta-reinforcement learning with task-aware representation},
journal = {Knowl.-Based Syst.},
volume = {260},
pages = {110160},
year = {2023},
doi = {10.1016/j.knosys.2022.110160},
}

@inproceedings{XGBoost2016,	
author = {Tianqi Chen and Carlos Guestrin},
title = {{XGBoost}: A Scalable Tree Boosting System},
booktitle = {Proceedings of the 22nd {ACM} {SIGKDD} International Conference on Knowledge Discovery and Data Mining},
doi = {10.1145/2939672.2939785},
year = 2016,
pages = {785--794}
}

@article{GARDNER19982627,
title = {Artificial neural networks (the multilayer perceptron)—a review of applications in the atmospheric sciences},
journal = {Atmos. Environ.},
volume = {32},
number = {14},
pages = {2627--2636},
year = {1998},
doi = {10.1016/S1352-2310(97)00447-0},
author = {M.W Gardner and S.R Dorling},
}

@article{SVC,
  author = {Richard G. Brereton and Gavin R. Lloyd},
  title = {Support Vector Machines for classification and regression},
  doi = {10.1039/b918972f},
  year = {2010},
  volume = {135},
  number = {2},
  pages = {230--267},
  journal = {Analyst}
}

@article{ Metric1,
author = {John A. Swets },
title = {Measuring the Accuracy of Diagnostic Systems},
journal = {Science},
volume = {240},
number = {4857},
pages = {1285--1293},
year = {1988},
doi = {10.1126/science.3287615},
}

@article{Chicco2020TheAO,
  title={The advantages of the Matthews correlation coefficient (MCC) over F1 score and accuracy in binary classification evaluation},
  author={Davide Chicco and Giuseppe Jurman},
  journal={BMC Genomics},
  year={2020},
  volume={21},
  url={https://api.semanticscholar.org/CorpusID:209528322}
}

@article{Chicco2020,
author={Davide Chicco and Giuseppe Jurman},
title={The advantages of the Matthews correlation coefficient ({MCC}) over F1 score and accuracy in binary classification evaluation},
journal={BMC Genom.},
year={2020},
volume={21},
number={1},
pages={6},
doi={10.1186/s12864-019-6413-7},
}

@InProceedings{Metric2,
author={Zachary Chase Lipton and Charles Peter Elkan and Balakrishnan Narayanaswamy},
title={Optimal Thresholding of Classifiers to Maximize {F1} Measure},
editor={Calders, Toon and Esposito, Floriana and H{\"u}llermeier, Eyke and Meo, Rosa},
booktitle={Machine Learning and Knowledge Discovery in Databases},
year={2014},
publisher={Springer Berlin Heidelberg},
pages={225--239},
doi={10.1007/978-3-662-44851-9_15}
}

@article{cmaes2015,
author = {Al-Azza, Ali and Harackiewicz, Frances and Gorla, H.},
year = {2015},
pages = {85-91},
title = {Covariance matrix adaptation evolutionary strategy optimization of patch antenna for wireless communication},
volume = {54},
journal = {Prog. Electromagn. Res. Lett.},
doi = {10.2528/pierl15020704}
}

@inproceedings{nsgaii2013,
author = {Damak, Najeh and Jarboui, Bassem and Loukil, Taïcir},
year = {2013},
pages = {842--846},
title = {Non-dominated Sorting Genetic Algorithm-{II} to solve bi-objective multi-mode resource-constrained project scheduling problem},
booktitle = {Proceedings of the International Conference on Control, Decision and Information Technologies},
doi = {10.1109/CoDIT.2013.6689652}
}

@book{Kelley,
  author    = {Kelley, C.~T.},
  title     = {Iterative Methods for Optimization},
  publisher = {SIAM},
  address   = {Philadelphia},
  year      = {1999}
}

@article{Sergeyev2020,
  title     = {Safe global optimization of expensive noisy black-box functions in the $\delta$-Lipschitz framework},
  author    = {Sergeyev, Yaroslav D and Candelieri, Antonio and Kvasov, Dmitri E and Perego, Riccardo},
  journal   = {Soft Comput.},
  volume    = {24},
  number    = {23},
  pages     = {17715--17735},
  year      = {2020}
}

@inproceedings{
jahsbench,
title={{JAHS}-Bench-201: A Foundation For Research On Joint Architecture And Hyperparameter Search},
author={Archit Bansal and Danny Stoll and Maciej Janowski and Arber Zela and Frank Hutter},
booktitle={Thirty-sixth Conference on Neural Information Processing Systems Datasets and Benchmarks Track},
year={2022},
url={https://openreview.net/forum?id=_HLcjaVlqJ}
}





@inproceedings{kim2022survey,
  title={A Survey on Automated Machine Learning: Problems, Methods and Frameworks},
  author={Kim, Dohyung and Koo, Jahwan and Kim, Ung-Mo},
  booktitle={International Conference on Human-Computer Interaction},
  pages={57--70},
  year={2022},
  organization={Springer}
}

@article{filippou2023structure,
  title={Structure learning and hyperparameter optimization using an automated machine learning (AutoML) pipeline},
  author={Filippou, Konstantinos and Aifantis, George and Papakostas, George A and Tsekouras, George E},
  journal={Information},
  volume={14},
  number={4},
  pages={232},
  year={2023},
  publisher={MDPI}
}

@article{nikitin2022automated,
  title={Automated evolutionary approach for the design of composite machine learning pipelines},
  author={Nikitin, Nikolay O and Vychuzhanin, Pavel and Sarafanov, Mikhail and Polonskaia, Iana S and Revin, Ilia and Barabanova, Irina V and Maximov, Gleb and Kalyuzhnaya, Anna V and Boukhanovsky, Alexander},
  journal={Future Generation Computer Systems},
  volume={127},
  pages={109--125},
  year={2022},
  publisher={Elsevier},
	doi={10.1016/j.future.2021.08.022}
}

@inproceedings{doke2021survey,
  title={Survey on automated machine learning ({AutoML}) and meta learning},
  author={Doke, Ashwini and Gaikwad, Madhava},
  booktitle={2021 12th International Conference on Computing Communication and Networking Technologies (ICCCNT)},
  pages={1--5},
  year={2021},
  organization={IEEE}
}

@inproceedings{zhang2023using,
  title={Using Large Language Models for Hyperparameter Optimization},
  author={Zhang, Michael R and Desai, Nishkrit and Bae, Juhan and Lorraine, Jonathan and Ba, Jimmy},
  booktitle={NeurIPS 2023 Foundation Models for Decision Making Workshop},
  year={2023}
}

@article{Sergeyev2022,
  title = {Numerical methods using two different approximations of space-filling curves for black-box global optimization},
  volume = {88},
  ISSN = {1573-2916},
  DOI = {10.1007/s10898-022-01216-1},
  number = {3},
  journal = {J. Glob. Optim.},
  author = {Sergeyev,  Yaroslav D. and Nasso, Maria Chiara and Lera, Daniela},
  year = {2022},
  pages = {707–722}
}

@article{Lera2024,
  title = {Determining solution set of nonlinear inequalities using space-filling curves for finding working spaces of planar robots},
  volume = {89},
  DOI = {10.1007/s10898-023-01352-2},
  number = {2},
  journal = {J. Glob. Optim.},
  author = {Lera, Daniela and Nasso, Maria Chiara and Posypkin, Mikhail and Sergeyev, Yaroslav D.},
  year = {2024},
  pages = {415–434}
}

@article{Usova2024,
	author={Marina Usova and Konstantin Barkalov},
	title={An Algorithm for Finding the Global Extremum of a Partially Defined Function},
	journal={Communications in Computer and Information Science},
	year={2024},
	volume={1914},
	pages={147-161},
	DOI = {10.1007/978-3-031-52470-7_13}
}

@article{Gegrel2021,
title = {Parallel solving of multiple information-coordinated global optimization problems},
journal = {Journal of Parallel and Distributed Computing},
volume = {154},
pages = {153-162},
year = {2021},
doi = {https://doi.org/10.1016/j.jpdc.2021.04.009},
author = {Victor Gergel and Evgeniy Kozinov}
}

@inproceedings{NIPS2015,
 author = {Flach, Peter and Kull, Meelis},
 booktitle = {Advances in Neural Information Processing Systems},
 editor = {C. Cortes and N. Lawrence and D. Lee and M. Sugiyama and R. Garnett},
 pages = {},
 publisher = {Curran Associates, Inc.},
 title = {Precision-Recall-Gain Curves: PR Analysis Done Right},
 volume = {28},
 year = {2015}
}

@article{Voevodin2015,
  author = {Vladimir Voevodin and Alexander Antonov and Jack Dongarra},
  volume = {2},
  DOI = {10.14529/jsfi150101},
  number = {1},
	pages = {4-18},
  journal = {Supercomputing Frontiers and Innovations},
  year = {2015}
}

@ARTICLE{Seleznev2019,
	author={Seleznev, A. and Mukhin, D. and Gavrilov, A. and Loskutov, E. and Feigin, A.},
	title={Bayesian framework for simulation of dynamical systems from multidimensional data using recurrent neural network},
	journal={Chaos},
	year={2019},
	volume={29},
	number={12},
	doi={10.1063/1.5128372},
	art_number={123115}
}

@ARTICLE{Blechschmidt2021,
	author={Blechschmidt, J. and Ernst, O.G.},
	title={Three ways to solve partial differential equations with neural networks — A review},
	journal={GAMM Mitteilungen},
	year={2021},
	volume={44},
	number={2},
	doi={10.1002/gamm.202100006},
	art_number={e202100006}
}

@ARTICLE{Xu2020,
	author={Xu, Y. and Zhang, H. and Li, Y. and Zhou, K. and Liu, Q. and Kurths, J.},
	title={Solving Fokker-Planck equation using deep learning},
	journal={Chaos},
	year={2020},
	volume={30},
	number={1},
	doi={10.1063/1.5132840},
	art_number={013133}
}
